3052 5122
665 430 859 480 Arrsnnrx.
982 369 1007 385 ’ἲ
1216 412 1285 486 153

293 604 447 700 Subjicit
482 605 691 679 Gassendus
726 631 772 679 ex
809 606 966 691 Laertio,
997 605 1064 679 has
1095 608 1287 707 Chrysippi

240 727 539 823 Rogatiunculas.
598 730 629 801 l.
656 730 730 809 Qui
756 753 829 802 non
857 729 1005 803 initiatis
1028 730 1165 804 indicat
1189 757 1286 830 mys·

240 853 339 939 teria,
369 852 477 949 impie
507 853 593 946 agit.
658 853 730 925 Sed
765 853 835 927 hoc
866 852 953 926 facit
988 853 1282 951 Hierophantes3

238 977 343 1074 Ergo
363 976 478 1073 Impie
497 975 581 1070 agit.
635 977 669 1048 2.
698 977 764 1048 Est
782 975 970 1072 quoddam
990 986 1124 1074 caput;
1158 979 1202 1051 Id
1223 981 1284 1053 Tu

239 1123 313 1171 non
338 1098 473 1182 habes;
505 1099 611 1195 Ergo
635 1099 755 1194 Caput
777 1121 853 1169 non
877 1097 1001 1172 habes.
1054 1101 1088 1173 3.
1117 1101 1161 1172 Id
1183 1104 1284 1197 quod

237 1223 397 1318 loqueris
423 1246 470 1294 ex
495 1246 558 1294 ore
584 1216 880 1318 tuo'egreditur:
916 1222 1073 1295 Currum
1099 1223 1281 1319 loqueris;

240 1347 344 1443 Ergo
363 1346 501 1418 Currus
518 1369 565 1417 ex
583 1370 646 1418 ore
664 1355 729 1419 tuo
749 1345 943 1441 egreditur.

292 1594 324 1688 ᾗ.
342 1592 398 1664 10.
426 1592 512 1663 Nou
530 1599 797 1687 temperaturos
820 1591 886 1663 sibi
910 1592 1072 1666 Juvenes
1096 1594 1182 1667 satis
1207 1596 1281 1668 scio

242 1715 328 1810 quin
343 1714 518 1787 dissiliant
530 1714 616 1800 risu,
629 1714 691 1786 ubi
710 1714 791 1786 haec
809 1721 885 1785 tarn
902 1714 1019 1787 futilia
1036 1716 1284 1792 intellexerint

241 1867 263 1912 a
280 1839 496 1935 gravissimis
515 1838 744 1935 Philosophis
762 1839 855 1911 serio
877 1838 986 1910 fuisse
1010 1841 1217 1935 proposita;
1246 1850 1284 1914 et

241 1963 433 2034 Veteribus
459 1962 552 2034 adeo
578 1961 737 2034 difficilia
764 1961 900 2047 haberi,
926 1969 968 2033 ut
998 1963 1157 2036 Philetas
1185 1965 1284 2038 Cous

240 2092 445 2182 praeceptor
472 2084 662 2157 Ptolemaei
689 2083 913 2179 Philadelphi
940 2084 1051 2157 solius
1076 2087 1284 2160 Mentientis

241 2208 446 2306 explicandi
480 2208 601 2281 studio
637 2207 825 2280 confectus
859 2207 1046 2281 interierit.
1106 2210 1283 2289 Quamvis

239 2343 363 2405 autem
387 2332 591 2405 Aristotelis
614 2332 807 2418 beneficio,
825 2331 1017 2405 videantur
1040 2333 1109 2406 ista
1131 2341 1174 2406 ut
1197 2348 1283 2409 sunt

239 2459 343 2544 levia,
371 2458 406 2529 in
433 2458 474 2530 iis
500 2466 623 2529 tamen
653 2463 823 2554 prompte
853 2463 964 2552 atque
992 2457 1186 2530 artificiose
1213 2461 1283 2533 sol-

241 2582 365 2654 vendis
400 2604 473 2653 non
508 2579 683 2652 inutiliter
717 2603 795 2651 sese
831 2580 991 2653 luvenes
1031 2582 1280 2656 exercebunt:

240 2729 324 2776 nam
360 2705 398 2775 in
432 2702 650 2797 gravissimis
682 2702 1009 2798 Disputationibus,
1039 2702 1121 2776 haec
1153 2704 1283 2777 eadem

240 2836 388 2899 recocta
430 2826 549 2897 Novae
591 2823 793 2921 praesertim
837 2824 1083 2922 Philosophiae
1123 2827 1283 2900 cultores

241 2949 437 3045 saepissime
454 2957 649 3043 reponunt.

289 3073 332 3144 V.
356 3095 391 3167 g.
431 3071 631 3144 Gesseadus
658 3071 824 3142 Vacuum
857 3071 955 3166 quod
990 3071 1149 3167 appellat
1179 3072 1285 3146 disse·

241 3196 409 3267 minatum
431 3194 560 3266 eodem
582 3194 657 3266 fere
681 3193 911 3290 Sophismate
930 3194 1179 3267 demonstrare
1202 3218 1284 3291 per-

240 3318 369 3403 tendit,
399 3342 474 3413 quo
509 3316 596 3388 olim
631 3317 734 3387 Zeno
769 3328 892 3388 contro
925 3328 1054 3388 motum
1087 3317 1281 3391 utebatur:

239 3440 424 3536 Suamque
438 3439 600 3512 Hobdias
618 3439 663 3511 de
683 3439 903 3511 Necessitate
920 3440 1138 3513 sententiam
1155 3440 1282 3513 iisdem

237 3573 446 3662 propugnat
472 3562 637 3636 Fallaciis
663 3562 794 3658 quibus
817 3564 947 3635 Fatum
974 3563 1108 3636 Stoici:
1140 3563 1283 3660 aliaque

239 3690 394 3788 plurima
407 3689 514 3785 hujus
528 3688 683 3783 generis
694 3712 778 3783 quae
790 3697 876 3760 sunt
889 3687 1004 3760 Nobis
1015 3687 1283 3784 praetereunda,
1375 3701 1377 3708 ’

240 3814 408 3886 studiosis
425 3814 520 3886 inter
536 3812 734 3908 legendum
753 3819 958 3883 occurrent.

240 4032 345 4084 Οὔτινος
356 4031 554 4099 παραλογισμοῦ
566 4026 734 4098 παράδειγμα.
776 4021 808 4077 Εἴ
824 4025 863 4080 τίς
881 4024 953 4076 ἔστιν
970 4023 997 4075 ἐν
1010 4019 1135 4090 Ἀθήναις,
1149 4021 1223 4078 οὗτος
1236 4024 1281 4077 οὐκ

239 4125 311 4177 ἔστιν
329 4121 357 4175 ἐν
376 4123 512 4194 Μεγάροις·
532 4120 663 4192 ἅνθρωπος
684 4118 714 4173 δι’
736 4119 807 4173 ἔστιν
826 4118 853 4170 ἐν
871 4115 996 4184 Ἀθήναις·
1017 4116 1148 4188 ἅνθρωπος
1167 4115 1216 4188 ἄρα
1235 4117 1281 4171 οὔκ

239 4219 312 4272 ἔστιν
324 4217 352 4271 ἐν
365 4217 501 4288 Μιγάροις.
