3052 5122
348 412 396 487 54
739 434 844 485 anns
862 432 1002 486 aaaron

348 613 458 708 vulgo
476 620 655 708 quatuor:
690 611 989 696 contrarietate,
1009 608 1213 694 Contraria,
1237 608 1393 681 Subaau-

349 737 475 823 traria,
493 736 716 809 Subatterna.

398 861 432 932 2.
460 859 690 955 Singularum
705 857 936 930 definitiones
954 856 1147 930 conficere.
1160 856 1204 929 V.
1220 879 1256 952 g.
1273 856 1392 952 Oppo-

347 984 427 1056 u‘tio
454 982 751 1069 Contradictonia‚
769 996 820 1056 eet
843 982 934 1056 inter
960 984 1020 1077 (A.
1045 983 1090 1055 Ο.
1113 982 1172 1054 vel
1196 983 1240 1054 E.
1264 983 1295 1055 Ι.
1318 981 1390 1054 hoc

349 1107 422 1200 est)
441 1107 529 1180 duas
549 1105 779 1204 Cetegorieat
795 1107 992 1204 quantitate
1003 1106 1145 1203 pariter
1166 1118 1201 1179 et
1219 1106 1392 1201 qualitate

343 1242 556 1328 pugnantes.
622 1230 825 1317 Contraria,
859 1231 950 1304 inter
984 1232 1047 1324 (A.
1082 1231 1127 1304 E.
1157 1229 1194 1304 h.
1225 1231 1274 1325 e.)
1302 1231 1391 1304 duas

349 1355 558 1428 uniuersales
575 1336 747 1452 qualitate
756 1366 958 1453 pugnantes
976 1356 1039 1429 &a

401 1486 435 1552 3.
467 1479 729 1576 oppositarum
771 1479 941 1551 canones
985 1487 1145 1575 quatuor
1184 1502 1313 1551 eruere
1353 1485 1393 1552 et

350 1601 600 1674 demonstrare
617 1602 716 1674 hunc
733 1601 771 1673 in
788 1601 952 1675 modum.

404 1726 436 1798 1.
463 1725 767 1798 Contradictoriae
784 1726 828 1797 A.
847 1725 892 1797 Ο.
915 1724 973 1798 vel
996 1724 1040 1796 E.
1060 1725 1092 1798 Ι.
1112 1734 1201 1797 sunt
1225 1725 1263 1797 in
1288 1724 1391 1799 nulla

348 1849 502 1921 materia
525 1848 632 1921 simul
655 1873 770 1934 verae;
797 1848 835 1921 in
860 1848 961 1921 nulla
986 1848 1094 1921 simul
1117 1845 1238 1935 falsae3
1265 1848 1389 1922 sedin

323 1983 328 1992 '
349 1995 570 2067 quacunque
586 1995 662 2043 una
678 1995 775 2057 vera,
791 1970 882 2044 falsa
894 1971 1017 2045 altera
1278 2055 1280 2058 ,

399 2093 472 2166 Sed
498 2093 702 2175 notandum
729 2103 799 2179 est,
821 2093 868 2166 ad
893 2094 1232 2168 Contradictionem
1256 2094 1392 2191 requiri

245 2266 251 2277 ·
349 2226 530 2313 quatuor:
565 2240 699 2314 nempe
722 2217 824 2313 loqui
848 2217 894 2289 de
918 2217 1049 2290 eodem
1079 2219 1110 2292 1.
1136 2220 1254 2292 eodem
1279 2219 1391 2293 modo.

348 2341 383 2412 2.
401 2342 585 2413 seeundum
602 2340 703 2412 idem.
730 2341 765 2412 3.
785 2341 835 2413 ad
849 2341 948 2413 idem.
974 2347 1009 2414 4.
1028 2343 1064 2414 in
1081 2344 1199 2416 eodem
1217 2356 1392 2441 tempora·
1445 2395 1449 2403 -

349 2489 505 2561 quarum
536 2463 789 2537 conditionum
823 2465 854 2537 si
884 2464 1041 2539 defuerit
1070 2467 1203 2563 aliqua,
1236 2476 1391 2564 possunt

348 2590 420 2661 Est
448 2597 485 2660 et
515 2588 601 2660 Nou
632 2600 684 2660 est
712 2587 807 2660 inter
837 2611 875 2660 se
906 2589 999 2661 bene
1026 2591 1232 2664 convenire.
1284 2592 1328 2665 E.
1354 2615 1390 2688 g.

353 2714 383 2785 l.
404 2710 569 2785 Cadaver
585 2710 743 2783 hominis
761 2723 813 2785 est
831 2719 868 2784 et
885 2725 1022 2786 nonest
1039 2715 1174 2788 homo:
1203 2715 1276 2788 Est
1293 2715 1390 2787 enim

334 2834 461 2907 homo
481 2843 670 2919 mortuus3
699 2833 784 2907 Non
806 2847 858 2909 est
881 2835 993 2908 homo
1014 2837 1129 2912 vivus.
1178 2838 1213 2910 2.
1239 2838 1392 2911 Zoilus¹²

349 2972 400 3032 est
423 2968 460 3031 et
485 2985 552 3032 uon
575 2971 626 3032 est
650 2959 775 3055 niger:
806 2960 878 3032 Est
901 2961 997 3032 enim
1022 2963 1120 3034 crine
1143 2962 1265 3048 ruber,
1287 2962 1391 3058 niger

349 3107 422 3154 ore.
474 3083 509 3153 3.
536 3083 727 3155 Socrates¹
744 3095 796 3155 ert
816 3092 854 3155 et
877 3098 1019 3158 nonest
1042 3094 1232 3158 comatus:
1257 3109 1390 3183 nempe

347 3327 375 3384 if
380 3328 521 3403 genuine,
531 3327 557 3384 is
569 3322 778 3402 aproduction
787 3327 881 3387 nithe
890 3329 1003 3388 second
1015 3338 1148 3408 century,
1158 3340 1389 3410 contemporary

347 3423 428 3490 with,
438 3442 472 3481 or
483 3424 588 3480 alittle
598 3425 682 3499 prior
692 3431 732 3492 to,
744 3425 796 3482 the
808 3426 905 3483 works
916 3426 951 3484 of
956 3426 1128 3486 Alexander
1138 3428 1173 3485 of
1178 3428 1386 3502 Aphrodisias.

347 3519 414 3576 The
425 3520 510 3576 three
520 3519 587 3577 first
598 3521 689 3579 kinds
701 3522 735 3579 of
745 3523 919 3598 opposition
930 3541 980 3580 are
991 3524 1089 3582 called
1102 3524 1142 3600 by
1152 3525 1218 3582 him
1228 3525 1387 3595 Alterum,

346 3614 519 3687 Ineaupnea,
535 3615 594 3672 and
609 3616 758 3691 Suppurat-

386 3725 398 3749 ¹¹
418 3714 529 3780 Zoilus,
545 3730 595 3771 see
610 3715 741 3782 Martinh
756 3714 807 3772 lib.
823 3714 873 3771 xii.
890 3733 936 3790 ep.
953 3718 1001 3774 tt.

467 3811 558 3869 Crine
572 3812 671 3880 ruber,
686 3813 774 3889 niger
788 3831 849 3879 ore,
865 3812 963 3871 brevis
977 3812 1064 3888 pede,
1079 3812 1196 3871 lumine
1210 3813 1311 3883 laesus,

464 3908 542 3966 Rem
557 3927 699 3984 magnam
713 3915 848 3984 praestes,
865 3910 959 3977 Zoile,
975 3911 1002 3967 si
1016 3910 1115 3968 bonus
1130 3928 1171 3967 es.

385 4005 541 4063 ¹Aldrich
567 4006 623 4062 has
650 4011 706 4062 not
733 4004 835 4062 before
863 4006 1041 4064 mentioned
1073 4007 1125 4064 the
1153 4008 1327 4082 opposition
1356 4010 1390 4068 of

344 4104 493 4175 riupulnue.
531 4101 698 4158 “Socrates
713 4100 739 4157 is
753 4100 852 4168 wise‚'’
863 4111 880 4134 ‘¹
891 4102 1031 4161 Socrates
1045 4104 1071 4160 is
1085 4110 1140 4161 not
1152 4105 1251 4162 wise.”
1283 4107 1385 4166 These

344 4196 394 4264 stre
415 4198 679 4266 contradictories5
708 4197 825 4274 though
848 4197 899 4256 the
921 4198 1080 4258 definition
1101 4200 1176 4259 does
1196 4210 1251 4260 not
1272 4203 1388 4279 strictly
