3052 5122
270 427 339 502 154
691 449 883 500 APPume.

316 624 457 698 Fefellit
484 624 611 697 Virum
637 625 723 697 ratis
749 624 837 696 alias
865 623 1113 721 perspicacem
1142 623 1223 695 haec
1255 646 1313 695 se-

263 749 385 844 quela,
415 772 500 845 quae
533 748 571 821 in
605 747 794 844 Ambiguis
829 747 1092 843 distinguendis
1121 755 1310 821 versatum

261 872 410 944 minime
446 872 611 969 (opinor)
646 870 855 956 fefellisset;
899 872 1048 944 Possem
1082 873 1176 944 detoe
1212 871 1310 967 peri·

254 997 392 1093 pherioe
427 997 586 1071 trientem
626 998 787 1071 exhibere
799 1025 815 1081 ,·
858 996 1006 1070 Possum
1040 997 1152 1094 igitur
1186 997 1309 1068 datam

253 1121 492 1217 peripheriem
516 1122 705 1194 tricecere:
732 1119 837 1217 cujus
859 1119 1054 1192 falsitatem
1078 1121 1156 1217 ipsa
1179 1119 1309 1215 Praxis

258 1245 468 1342 redarguit3
512 1270 635 1342 neque
674 1246 771 1318 enim
813 1246 983 1319 trientem
1026 1246 1204 1332 exhibuit,
1242 1245 1309 1317 sed

259 1369 407 1442 alterius
437 1369 564 1442 circuli
593 1369 835 1466 peripheriam
865 1369 991 1442 trienti
1020 1393 1171 1466 parem:
1210 1368 1247 1441 h.
1273 1393 1307 1440 e.

258 1516 333 1565 non
367 1493 528 1566 trientem
556 1493 688 1589 ipsum,
718 1492 783 1565 sed
813 1493 953 1566 trientis
981 1494 1136 1565 valorem
1149 1520 1163 1565 .·
1200 1492 1307 1564 Paria

257 1614 404 1688 fecisset
429 1616 492 1711 qui
523 1616 686 1688 oblatum
718 1615 785 1688 sibi
815 1615 971 1688 solidum
1001 1616 1227 1702 trisecturuS‚
1257 1641 1307 1688 ne

192 1784 196 1793 ·
259 1744 457 1811 attrectato
475 1738 623 1834 quidem
641 1737 759 1811 solido
776 1738 999 1835 porrexisset
1016 1737 1242 1812 drachmam.

311 1986 344 2080 ᾖ.
361 1984 417 2058 11.
442 1985 650 2057 Vouunrun
675 1984 735 2057 hic
759 1984 926 2057 desinere
949 1986 1081 2081 pungit
1102 1985 1307 2082 scrupulus,

259 2108 322 2204 qui
355 2107 554 2180 nonnullos
588 2108 696 2181 hodie
731 2107 1017 2182 Mathematicos
1051 2109 1146 2181 male
1181 2109 1305 2183 habet.

260 2232 358 2303 Nam
391 2231 429 2303 in
464 2231 846 2304 Demonstrationibus
880 2232 1111 2328 quibusdam,
1146 2232 1307 2305 Conclu-

259 2354 399 2427 siouem
421 2377 468 2427 ex
491 2354 548 2426 sui
567 2355 871 2452 Contradictoria‚
888 2380 954 2453 per
976 2356 1156 2453 legitimas
1179 2381 1308 2429 neces-

258 2480 442 2575 sariasque
489 2480 769 2576 consequentias
811 2480 949 2553 directe
996 2480 1119 2554 inferri
1161 2480 1303 2552 volunt.

258 2602 369 2682 Quod
409 2602 439 2675 si
477 2603 527 2674 ita
561 2603 619 2688 sit,
651 2602 765 2675 miror
799 2627 821 2675 a
855 2603 1063 2690 Veteribus,
1099 2603 1303 2700 praesertim

258 2726 434 2824 Scepticis
463 2749 539 2798 non
567 2723 678 2798 fuisse
707 2726 1025 2812 animadversum
1067 2727 1202 2824 quippe
1232 2726 1304 2799 hoc

257 2851 344 2924 dato
362 2858 442 2923 tota
459 2858 543 2922 ruat
561 2849 700 2945 Logica
717 2875 866 2923 necesse
885 2859 951 2923 est.

308 2976 447 3049 Dicunt
477 2983 601 3048 tamen
628 2976 879 3049 Theodosium
905 2977 1176 3050 demonstrasse
1203 2976 1304 3072 quod
1355 2981 1356 2984 ’

256 3100 287 3172 ei
303 3101 424 3173 Maris
440 3100 641 3197 sepepiciee
664 3126 733 3173 non
756 3113 808 3172 eet
826 3100 1023 3197 Spbeerico,
1040 3111 1092 3172 est
1109 3099 1304 3196 Sphoerice.

255 3223 393 3295 Verum
422 3222 483 3295 ille
513 3222 603 3296 nihil
633 3223 706 3295 tale
737 3223 1025 3307 demonstravit3
1066 3223 1131 3294 sed
1159 3230 1305 3294 tantum

257 3345 299 3418 M
302 3345 372 3418 aris
390 3345 618 3440 superficiem
636 3345 831 3418 sinendum
850 3359 948 3432 esset,
960 3345 1047 3441 fore
1065 3346 1303 3441 Sphoericem:
1360 3430 1364 3435 ⁴

255 3467 373 3563 siquid
391 3468 488 3539 enim
506 3469 664 3540 emineat
678 3469 830 3564 (inquit)
847 3468 938 3542 illud
955 3469 1090 3554 statim,
1104 3493 1151 3541 ex
1169 3475 1301 3540 natura

254 3589 406 3675 humidi,
424 3588 609 3662 subsidet:
640 3591 750 3663 Unde
767 3591 797 3663 si
816 3591 931 3664 Maris
949 3591 1160 3690 superficies
1178 3591 1225 3663 sit
1244 3591 1303 3683 (ut

255 3740 328 3789 non
347 3716 420 3810 est)
438 3715 642 3812 inaequalis
646 3715 720 3812 fiet
736 3716 897 3813 perfecte
917 3717 1113 3813 Sphaerica.

304 3839 502 3912 Videamus
520 3839 617 3911 aliud
641 3840 875 3935 Exemplum.
928 3841 1047 3913 Sunto
1065 3839 1208 3912 numeri
1225 3838 1301 3911 duo

256 3963 467 4060 inaequales,
494 3972 532 4034 et
556 3962 652 4035 inter
683 3987 721 4035 se
752 3964 880 4060 primi;
924 3963 1016 4036 Dico
1045 3964 1145 4059 quod
1176 3987 1303 4035 eorum

258 4086 463 4160 differentia
501 4085 547 4158 ad
588 4086 766 4160 minorem
806 4087 923 4183 prima
958 4094 1024 4160 est.
1082 4088 1180 4161 Esto
1214 4087 1305 4161 enim

259 4235 419 4283 numeres
452 4209 579 4303 aliquis
613 4211 672 4304 qui
714 4210 854 4282 metitur
896 4210 1061 4282 minorem
1076 4238 1089 4293 ,·
1106 4298 1110 4319 „A
1133 4209 1303 4306 idemque
