3052 5122
646 448 877 500 2222222222.
1235 425 1279 499 91

240 621 447 716 argumenti
464 645 547 719 pars
568 622 702 722 aliqua,
720 625 784 698 sed
801 649 912 721 quam
937 623 1096 723 proclive
1115 632 1170 697 est
1187 626 1285 720 cogi·

239 745 378 818 tatione
391 744 620 819 substituere.

294 868 324 939 1.
351 868 617 966 Enthymemo3
643 867 749 965 cujus
777 870 1000 942 antecedens
1031 877 1176 943 constat
1202 893 1368 966 pro-anu
1382 896 1424 946 rr.

237 990 418 1087 positione
444 999 482 1062 et
502 990 659 1087 judici0;
687 1014 773 1062 nam
793 989 974 1087 judicium
1001 1003 1057 1065 est
1083 993 1283 1090 propositio
1296 960 1440 1073 liliis.

238 1112 276 1186 in
293 1125 417 1202 mente
430 1123 464 1201 0;
492 1139 524 1188 e.
541 1138 577 1210 g.
594 1113 714 1187 Homo
733 1125 785 1188 est
802 1114 955 1199 animab
982 1140 1070 1212 ergo
1089 1128 1141 1190 est
1157 1117 1283 1190 vivens.
1296 1089 1320 1136 δ’

240 1236 381 1311 Dicitur
401 1238 512 1311 etiam
533 1238 721 1311 Aristoteli
741 1238 975 1336 Syllogiamna
997 1239 1185 1313 Oratorios
1194 1267 1209 1323 ,·
1236 1250 1286 1326 et,

238 1362 267 1435 si
284 1362 427 1459 integra
444 1362 522 1458 ejus
535 1362 588 1436 vis
602 1363 835 1435 contineatur
847 1364 885 1436 in
898 1364 1008 1437 unica
1025 1365 1286 1461 propositione,

237 1486 408 1560 sententia
441 1485 783 1581 Enthymematicr13
826 1493 1023 1583 utrumque
1057 1488 1284 1568 Quintiliano

237 1610 410 1682 sententia
427 1634 503 1682 2222
520 1610 680 1693 2211222·
705 1619 759 1714 ut,
776 1610 951 1683 Mortalis
973 1637 1050 1684 2222
1070 1612 1129 1696 212,
1147 1612 1286 1685 immor·

237 1736 310 1808 tale
335 1760 377 1808 22
403 1759 512 1832 geras
538 1736 663 1808 odiam.
708 1719 838 1806 'Deest
867 1734 918 1806 illi
948 1734 995 1808 ad
1025 1735 1285 1831 Syllogismum

237 1857 353 1933 altera
375 1859 668 1956 praemissarum3
696 1868 821 1930 utrum
838 1881 926 1931 vero
944 1857 1061 1954 major
1085 1882 1132 1930 22
1154 1858 1286 1945 minor,

238 2007 285 2057 ex
302 1985 507 2080 quaestione
524 1983 762 2080 dignoscitur.

287 2109 321 2180 2.
349 2108 512 2181 Inductio
523 2136 538 2191 ,·
567 2108 604 2180 in
631 2132 705 2203 qua
728 2107 879 2203 ponitur
903 2116 1083 2203 quantum
1110 2131 1204 2204 opus
1230 2115 1286 2179 est
1297 2124 1425 2238 {³25¹}

237 2230 283 2303 de
307 2228 469 2326 singulis
492 2240 530 2303 et
553 2230 684 2303 deinde
710 2229 908 2302 assumitur
932 2230 977 2302 de
1001 2228 1198 2313 universis3
1230 2239 1284 2316 ut,

238 2354 313 2427 Hic
330 2365 365 2427 et
381 2355 441 2427 tlte
458 2366 493 2428 et
510 2355 575 2428 iste
592 2378 737 2452 magnes
750 2353 1032 2447 trobitferrnm,·
1058 2375 1147 2448 ergo
1165 2353 1284 2426 omnis.
1321 2389 1326 2396 ·

239 2481 307 2553 Est
334 2480 444 2575 igitur
475 2479 724 2577 Enthymema
754 2479 963 2576 quoddam;
1002 2504 1135 2577 nempe
1167 2480 1285 2576 Syllo-

237 2603 374 2700 gismus
390 2603 429 2674 in
447 2603 638 2689 Barbarae,
657 2603 760 2699 cujus
778 2602 898 2674 minor
915 2603 1100 2676 reticetur.

275 2901 287 2927 ⁶
312 2891 468 2963 Propontis
482 2892 514 2946 in
526 2899 623 2946 mente.
664 2887 789 2946 Aldrieh
803 2887 863 2944 had
884 2889 916 2944 12
929 2888 979 2944 his
997 2887 1084 2945 mind
1099 2889 1151 2945 the
1172 2888 1284 2945 absurd

236 2984 408 3061 etymology
422 2983 499 3041 from
514 2987 541 3043 lv
554 2987 634 3059 θυμῷ,
650 3000 684 3040 22
704 3000 737 3040 22
751 2982 911 3040 Versorius
926 2982 1008 3058 gives
1023 2983 1055 3049 it,
1073 2991 1090 3015 “
1101 2982 1138 3039 ab
1154 3002 1188 3039 en
1202 2983 1284 3056 quod

237 3088 284 3140 est
298 3083 339 3147 in,
355 3081 470 3155 thymos,
486 3080 568 3155 quod
581 3086 629 3137 est
642 3097 739 3146 mens,
756 3086 903 3147 21222222,
919 3078 1001 3154 quod
1016 3086 1063 3137 est
1076 3097 1182 3146 unum,
1198 3081 1285 3153 quasi

237 3177 270 3233 in
283 3182 387 3233 mente
401 3175 537 3233 retinens
551 3193 645 3232 unam
659 3175 928 3250 propositionem.‘’
962 3175 1030 3232 The
1046 3193 1284 3233 erroneousness

237 3271 272 3328 21
291 3271 353 3328 this
379 3271 551 3348 etymology
574 3270 710 3345 (besides
735 3272 774 3329 112
799 3271 939 3330 intrinsic
964 3271 1134 3348 absurdity)
1157 3289 1284 3347 appears

235 3367 314 3425 from
334 3367 386 3424 the
405 3365 488 3424 word
507 3369 637 3440 ἐνθύμημα
657 3367 750 3444 being
769 3366 866 3425 found
886 3369 919 3426 in
940 3369 992 3426 the
1014 3368 1116 3427 Greek
1134 3369 1285 3445 language

236 3462 339 3522 before
353 3463 378 3520 it
391 3462 534 3520 assumed
546 3481 563 3520 2
574 3462 725 3520 1221221221
738 3465 884 3540 meaning
890 3485 897 3532 ;
920 3483 945 3522 e.
956 3482 983 3540 g.
997 3464 1089 3540 Soph.
1104 3466 1152 3524 (Ε.
1168 3465 1201 3524 O.
1215 3468 1283 3533 292,

238 3561 323 3617 1199.
367 3557 460 3618 Some
478 3557 642 3635 Logicians
664 3565 792 3632 attempt
813 3565 844 3616 to
865 3559 1052 3635 distinguish
1073 3561 1210 3619 between
1231 3561 1284 3620 the

235 3652 361 3730 Logical
375 3653 435 3711 and
450 3654 502 3710 the
516 3653 690 3711 Rhetorical
701 3654 916 3730 Enthymeme,
929 3655 995 3731 (see
1006 3655 1191 3724 Sanderson,
1201 3657 1230 3713 b.
1240 3657 1283 3714 iii.

237 3749 283 3807 ch.
298 3750 341 3826 8.)
383 3749 450 3806 The
465 3748 643 3806 distinction
657 3749 683 3806 12
698 3757 753 3806 221
767 3750 941 3808 authorized
958 3751 998 3826 by
1011 3751 1165 3817 Aristode,
1181 3750 1242 3808 and
1257 3752 1283 3808 is

236 3845 327 3903 liable
340 3852 372 3903 to
387 3846 439 3903 tha
453 3845 605 3921 objection
616 3846 715 3902 which
729 3852 813 3903 must
826 3846 935 3922 always
950 3847 989 3903 lie
1005 3847 1124 3922 against
1135 3865 1153 3903 a
1163 3853 1283 3903 wanton

237 3941 396 3999 alteration
410 3941 444 3999 21
454 3941 506 3999 1122
521 3943 666 4018 meaning
680 3940 714 3998 21
724 3942 874 3999 1221221221
888 3947 994 4000 122222.
1027 3943 1089 3999 For
1102 3942 1154 3999 the
1169 3942 1284 4018 Enthy-

236 4055 336 4096 meme
351 4038 385 4095 21
394 4038 548 4105 Aristotle,
564 4056 615 4096 see
629 4037 798 4112 Appendix‚
813 4044 885 4095 note
900 4039 934 4094 s.

276 4144 290 4184 P
312 4135 378 4193 The
393 4134 548 4209 supposed
561 4135 711 4199 minoris,
727 4132 761 4190 21
771 4151 886 4209 course,
904 4132 977 4190 “All
992 4140 1131 4208 magneta
1147 4150 1197 4191 are
1212 4134 1283 4202 this,

237 4229 311 4298 that,
332 4230 393 4292 and
412 4231 464 4287 the
484 4230 597 4288 other.”
638 4228 677 4287 In
697 4228 758 4286 this
779 4229 964 4303 perversion,
984 4227 1109 4286 Aldrich
1129 4229 1185 4286 has
1205 4230 1285 4287 been
