3052 5122
233 415 284 490 60
613 437 874 488 nnrrscooica

232 615 402 688 differta
424 615 555 712 quovis
580 614 622 686 Β.
659 609 775 710 'Ergo
799 613 977 687 vicissim:
1008 614 1107 709 Ergo
1131 613 1282 685 Nullum

130 775 141 791 ·
235 739 275 811 B
291 750 343 811 est
358 737 407 811 A.
460 739 494 810 2.
521 737 576 810 Sit
592 761 679 812 vera
697 737 737 810 l:
766 738 866 832 Ergo
889 735 982 808 falsa
1004 745 1059 808 est
1082 735 1161 832 ejus
1185 736 1284 808 Con-

235 861 447 937 tradictoria
471 863 526 935 E:
562 863 662 957 Ergo
688 871 726 934 et
752 861 1045 935 contradictoriae
1072 862 1284 958 simpliciter

235 1011 434 1061 conversa:
474 988 575 1081 Ergo
602 1010 686 1082 quae
713 1011 900 1060 conversae
929 987 1161 1074 contradicit,
1188 988 1226 1082 (i.
1250 1011 1282 1059 e.

234 1111 413 1208 expositae
439 1111 650 1208 simpliciter
679 1111 885 1204 conversa)
917 1119 973 1183 est
1003 1136 1100 1184 vera.
1161 1111 1196 1182 3.
1228 1110 1283 1183 Sit

236 1258 323 1307 vera
340 1234 383 1306 Ε.
427 1235 535 1330 Ergo
559 1233 697 1328 atejus
719 1233 932 1335 simpliciter
955 1256 1154 1305 conversa:
1182 1232 1281 1326 Ergo

233 1365 273 1430 et
297 1382 484 1430 conversae
507 1357 777 1430 subalternata:
806 1380 891 1453 quae
916 1365 971 1428 est
994 1356 1172 1453 expositae
1196 1379 1284 1428 con·

235 1504 341 1553 versa
364 1506 430 1578 per
454 1481 635 1554 accidens.
691 1482 726 1554 4.
754 1481 809 1553 Sit
825 1505 912 1553 vera
929 1482 985 1565 A;
1017 1482 1118 1576 Ergo
1143 1479 1281 1576 atejus
1379 1575 1384 1582 .

232 1604 506 1678 subaltemata:
555 1603 656 1700 Ergo
691 1612 728 1675 et
763 1603 1026 1676 subalternatae
1068 1602 1282 1699 simpliciter

233 1756 433 1805 conversa:
461 1755 545 1828 quae
563 1739 619 1803 est
637 1731 815 1827 expositae
832 1755 898 1826 per
916 1730 1098 1804 Accidens
1106 1729 1131 1802 ⁶.

285 1857 429 1929 Ceterae
444 1836 741 1941 Conversiones‘,
756 1879 841 1927 cum
855 1856 928 1928 sint
942 1855 1073 1952 partim
1088 1853 1283 1949 ambiguae,

234 2120 295 2179 and
316 2139 400 2179 more
422 2120 518 2179 direct
537 2121 612 2178 than
633 2122 685 2178 the
706 2120 838 2178 mediate
860 2119 1029 2177 inferences
1052 2119 1092 2195 by
1113 2119 1280 2195 syllogism.
1327 2190 1332 2197 ·

234 2216 363 2276 Neither
376 2235 498 2292 process
513 2217 539 2274 is
555 2216 730 2291 dependent
744 2235 784 2274 on
798 2217 850 2275 the
865 2217 961 2274 other.

257 2314 288 2383 ,1¹
308 2314 348 2371 In
368 2314 564 2380 Conversion,
585 2332 618 2370 as
639 2314 672 2370 in
693 2314 884 2389 Opposition,
907 2313 1049 2389 Singular
1070 2311 1282 2387 Propositions

234 2410 311 2468 have
338 2409 418 2469 bean
444 2408 604 2486 neglected
631 2410 672 2485 by
695 2407 828 2468 Aldrich.
882 2409 1078 2485 Conceming
1104 2410 1200 2474 these,
1229 2406 1282 2464 the

235 2505 390 2581 following
408 2510 522 2562 extract
537 2503 615 2561 from
629 2505 737 2561 Wallis
754 2523 823 2580 may
838 2504 929 2561 assist
943 2504 995 2560 the
1009 2503 1138 2560 learner.
1181 2511 1198 2534 “
1212 2501 1281 2558 Pro·

235 2601 347 2677 positio
359 2601 530 2676 disputaris,
542 2599 615 2679 (sive
628 2599 812 2658 Affirmativa
826 2601 888 2657 sive
900 2599 1067 2676 Negativa)
1078 2617 1146 2656 cum
1162 2614 1283 2672 semper

238 2697 409 2755 Universaltv
430 2697 478 2765 sit,
501 2696 642 2754 observat
661 2696 746 2773 leges
768 2696 896 2754 aliarum
918 2695 1154 2754 Universalium.
1197 2693 1284 2760 Puta,

239 2794 374 2868 Virpilins
398 2803 436 2850 est
456 2793 567 2857 Poeta,·
598 2810 669 2868 ergo
689 2793 801 2867 Aliquis
825 2793 917 2848 Poeta
941 2802 979 2848 est
1002 2792 1145 2864 Virpilins.
1191 2789 1281 2857 Item,

239 2889 374 2964 Virpilt'cn
394 2899 510 2946 nonest
531 2887 662 2954 Gratim
685 2906 756 2964 ergo
776 2889 881 2946 Nullus
902 2887 1064 2946 Gvoecornm
1084 2897 1122 2944 est
1141 2886 1283 2960 Virqitiaa.

237 2985 336 3060 Atque
351 2987 382 3042 in
398 2985 464 3042 aliis
480 2984 629 3041 similiter.

279 3091 296 3114 “
310 3082 344 3139 Si
358 3089 459 3138 autem
476 3081 671 3138 Convertcndoe
689 3079 907 3154 propositionis
921 3081 1113 3139 Prndicotnm
1127 3079 1167 3136 sit
1180 3078 1287 3136 Indici

236 3180 333 3244 duum,
344 3175 557 3253 (quodcunque
566 3176 708 3233 habuerit
720 3174 919 3253 Subjectum,)
929 3177 1118 3234 Concae-tentis
1129 3175 1287 3249 Snbjectum

236 3272 361 3352 (quippe
378 3271 459 3347 quod
476 3271 575 3328 suerat
590 3271 784 3330 Convertende
796 3270 1003 3348 Prodicotnm)
1016 3272 1200 3330 individuam
1215 3271 1286 3336 erit;

238 3376 399 3444 propterea
419 3373 449 3424 et
469 3367 640 3442 Propositio
659 3367 824 3426 Converteoc
844 3368 943 3446 (siqua
964 3368 1015 3446 sit)
1034 3367 1206 3425 necessario
1228 3367 1287 3423 erit

240 3465 409 3537 divinatoris,
427 3461 562 3536 adeoque
581 3464 774 3520 Universolic.”
816 3464 874 3522 See
894 3466 958 3522 also
978 3463 1080 3522 Reid's
1099 3461 1218 3529 Works,
1236 3461 1284 3519 ed.

241 3560 411 3626 Hamilton‚
426 3577 455 3634 p.
469 3560 536 3615 nat.
995 3542 999 3549 ’

280 3668 292 3696 ⁸
314 3656 423 3716 Cetera
443 3657 636 3714 conversiones.
678 3658 739 3714 For
759 3658 811 3716 the
833 3657 947 3716 benefit
968 3656 1002 3714 oi
1019 3657 1071 3714 the
1093 3654 1223 3719 curious,
1241 3670 1286 3710 we

239 3759 332 3828 quote
347 3753 398 3809 the
413 3751 581 3828 following:
606 3752 713 3810 “Tres
728 3753 821 3829 igitur
835 3756 908 3810 sunt
922 3753 1046 3810 famosae
1061 3749 1141 3825 apud
1156 3749 1287 3825 Logicos

241 3848 446 3905 conversionis
468 3848 593 3923 species.
640 3849 717 3906 Dico
739 3848 873 3915 famosae,
896 3849 1041 3923 quoniam
1061 3846 1204 3903 nonnulli
1225 3863 1287 3902 mo-

242 3943 331 4001 dorni
344 3944 527 4001 invenerunt
541 3943 615 4001 duas
630 3945 704 4002 alias
720 3944 926 4001 conversionis
941 3943 1067 4017 species,
1083 3959 1211 4016 quarum
1226 3958 1288 3997 una

242 4043 291 4095 cst
309 4038 464 4094 conversio
483 4038 728 4113 propositionum
747 4039 864 4096 nullius
879 4037 1065 4113 quantitatis,
1081 4043 1116 4094 ut
1130 4035 1288 4093 exclusivae

243 4139 276 4191 et
299 4134 530 4209 reduplicativae.
583 4135 664 4192 Nam
689 4136 732 4192 sie
756 4136 941 4205 convertitur
968 4134 1134 4201 exclusiva;
1167 4139 1288 4191 tantum

242 4232 337 4289 homo
358 4239 405 4289 est
422 4232 588 4301 rationalis,
604 4250 694 4290 omna
708 4233 855 4292 rationale
875 4240 922 4292 est
939 4233 1050 4291 homo:
1073 4229 1290 4307 reduplicativa
