3052 5122
523 447 752 499 nuomunrn.
1087 423 1157 496 119

117 615 272 690 Scieatia
300 620 416 692 omnis
451 630 506 694 est
544 623 708 721 Cognitio
735 622 787 695 rei
816 646 883 718 per
916 645 1066 705 caman,
1093 620 1158 693 sed

112 743 257 838 proprie
282 744 376 816 dicta
406 769 470 842 per
490 748 686 843 propriam,
709 745 745 819 h.
764 770 795 819 e.
819 745 1042 841 proximam:
1072 767 1157 817 nam

115 887 182 961 per
206 876 385 939 remotam
407 868 481 940 Cur
497 870 543 942 ait
569 869 799 965 aliquatenus
817 867 1041 953 ostenditnr3
1069 866 1158 941 nihil

117 989 271 1087 amplius
289 1014 400 1085 quam
422 992 527 1078 Quod
540 994 587 1066 sit
604 993 886 1067 demonstratur.

167 1112 367 1208 Utriusque
381 1115 520 1211 Speciei
533 1117 698 1190 membra
711 1118 827 1214 gradu
839 1115 1022 1189 differunt.
1060 1115 1157 1187 Nam

118 1237 265 1334 obliqua
288 1232 344 1313 ὅτι
371 1249 426 1313 est
449 1241 608 1313 deterior
631 1242 782 1327 directa,
799 1242 885 1337 quia
911 1263 986 1311 non
1008 1237 1159 1310 demon-

117 1369 208 1434 strat
224 1388 297 1437 ren
314 1366 366 1436 ito
389 1389 470 1448 esce,
489 1364 556 1437 nisi
574 1374 756 1459 quatenus
774 1363 883 1435 docet
908 1387 984 1435 eom
1002 1362 1107 1434 aliter
1123 1385 1160 1433 ce

117 1484 244 1559 habere
278 1513 345 1559 non
375 1511 478 1582 posce
490 1513 505 1569 ;
548 1486 646 1582 quod
676 1485 821 1559 tametsi
857 1484 987 1556 eodem
1022 1483 1158 1568 redeat,

117 1618 240 1682 tamen
276 1609 397 1682 animo
432 1610 551 1682 minus
586 1607 787 1693 satisfacit3
831 1631 916 1681 narn
950 1606 980 1680 si
1013 1631 1079 1703 par
1113 1607 1160 1680 sit

118 1733 313 1829 utrobique
332 1733 536 1820 Certitudo‚
554 1733 662 1831 hujus
679 1741 802 1805 tamen
828 1732 947 1805 minor
966 1731 1160 1805 Evidentia

118 1866 209 1929 este.

172 1990 295 2063 Habet
322 1999 359 2063 et
385 1978 492 2063 Διότι
524 2015 609 2064 suos
634 1989 789 2085 gradus3
819 1989 904 2085 quia
928 1995 1050 2087 potest
1080 2007 1300 2060 essetnroa

120 2137 231 2186 causa
260 2116 428 2210 proxima
458 2140 541 2212 quae
576 2139 650 2187 non
681 2122 736 2187 est
761 2115 892 2212 prime,
914 2112 950 2185 h.
969 2138 999 2186 e.
1026 2137 1090 2211 per
1120 2136 1158 2185 se
1171 2071 1210 2121 H'
1222 2071 1262 2120 ω’

120 2247 208 2309 nota
243 2247 280 2309 et
314 2238 670 2312 indemonstrabilis:
714 2237 818 2335 cujus
852 2236 934 2312 ideo
969 2236 1161 2335 praeiertur

121 2360 324 2446 Evidentia,
344 2361 428 2458 quia
447 2362 721 2459 (contraquam
741 2362 902 2456 caeterae)
923 2385 988 2434 sua
1004 2361 1087 2433 luce
1106 2368 1161 2433 est

120 2484 327 2581 conspicua,
357 2493 395 2557 et
429 2484 518 2561 nihil
552 2486 690 2581 indiget
725 2486 853 2559 aliena.
906 2485 1044 2570 Quare,
1079 2508 1163 2579 quae

117 2797 197 2849 cont
221 2791 247 2846 9.
300 2789 407 2848 Hence
432 2791 484 2849 the
509 2790 662 2866 following
688 2790 842 2866 specimen
870 2786 903 2845 of
924 2806 942 2845 a
966 2788 1164 2845 demonstratio

114 2887 276 2959 potissima:

323 2989 411 3045 Omne
424 2991 533 3045 ertimal
546 2989 687 3046 rationale
700 2998 738 3044 eat
752 2988 871 3050 milita

322 3083 419 3140 Omnia
433 3086 514 3141 honio
529 3094 567 3140 est
581 3084 690 3140 animal
702 3083 857 3145 rationale:
878 3097 948 3157 ergo

321 3177 419 3236 Omnis
433 3180 514 3236 homo
529 3190 567 3236 eat
581 3180 703 3237 risibilia.

119 3304 187 3381 Any
208 3305 397 3380 subsequent
418 3305 659 3365 demonstration
680 3305 758 3364 from
779 3306 841 3363 this
863 3304 1058 3372 conclusion;
1090 3323 1115 3364 e.
1137 3324 1165 3383 g.

121 3403 218 3460 Omnis
245 3402 435 3476 Philosophus
470 3413 508 3460 cet
538 3405 640 3468 loram
674 3420 745 3478 ergo
782 3403 879 3460 Omnis
906 3401 1094 3475 Philosophiae
1128 3412 1166 3460 est

119 3500 250 3564 risibilis:
284 3498 384 3556 would
406 3499 443 3557 be
472 3519 524 3573 per
551 3519 663 3557 caueam
690 3500 857 3573 prasinam,
870 3499 916 3554 scd
943 3516 1000 3555 non
1017 3499 1162 3571 primane.

118 3594 266 3654 Whether
286 3596 347 3652 this
369 3595 546 3652 distinction
569 3614 624 3653 con
645 3595 731 3670 fairly
747 3595 782 3652 be
804 3593 905 3651 troced
927 3602 958 3651 to
973 3594 1117 3652 Aristotle
1139 3595 1165 3652 is

120 3691 339 3765 questionnble.
376 3692 466 3748 Some
479 3691 595 3748 further
608 3690 742 3748 remarks
755 3690 814 3747 will
826 3690 863 3747 bo
878 3689 982 3755 found,
994 3689 1162 3763 Appendion

120 3797 194 3844 note
208 3786 246 3847 K.

159 3894 171 3929 Ρ
193 3883 275 3940 Hero
290 3902 333 3941 wc
348 3884 422 3941 hnve
447 3902 463 3941 a
484 3881 566 3939 third
587 3881 732 3956 meaning
751 3878 785 3936 oi
802 3881 946 3936 evidentia.
989 3878 1020 3935 It
1041 3879 1066 3935 is
1086 3896 1162 3944 now,

119 3979 239 4035 nottho
258 3978 450 4037 evidentness
468 3978 502 4036 of
515 3997 533 4035 n
545 3978 734 4051 Proposition
750 3977 806 4032 but
820 3976 885 4032 that
899 3975 933 4032 of
951 3992 968 4031 a
986 3974 1163 4029 Demaraten·

120 4075 200 4138 tion;
220 4074 239 4131 i.
255 4093 280 4131 o.
295 4075 345 4131 tho
369 4076 520 4133 cleorness
536 4072 570 4130 oi
586 4073 767 4130 connection
790 4071 925 4128 between
940 4068 1088 4144 premiscs
1103 4067 1163 4132 and

121 4171 307 4229 conclusion.
