3052 5122
235 399 307 472 126
622 422 729 474 anns
744 423 884 473 noema

283 599 317 670 5.
345 597 536 670 Praecedat
551 598 590 669 in
607 598 790 683 docendo,
806 598 884 670 sine
901 620 977 692 quo
994 594 1151 668 alterum
1171 594 1283 669 intel*

231 720 294 817 ligi
310 744 387 794 non
404 729 539 817 potest,
555 722 676 818 ipsum
694 745 781 793 vero
799 721 876 793 sine
893 719 1010 792 altero
1029 728 1164 816 potest.

284 972 319 1066 §.
336 972 372 1042 2.
408 971 452 1042 ln
479 969 665 1041 tradendis
691 968 887 1065 disciplinis
916 968 990 1039 suis
1022 967 1281 1040 Mathematici

232 1092 304 1166 hac
333 1101 489 1165 utuntur
518 1091 705 1164 methodo.
767 1092 799 1163 l.
831 1092 958 1162 Voeum
986 1091 1281 1188 significationem

234 1217 485 1290 constituunt:
512 1214 549 1286 h.
564 1240 596 1286 e.
617 1215 794 1288 Vocabula
809 1215 901 1286 ortis
917 1238 985 1285 suo
1003 1213 1178 1308 quodque
1193 1213 1281 1285 loco

233 1342 285 1413 sic
311 1340 505 1424 definiunt,
527 1347 571 1410 ut
595 1338 715 1434 legem
745 1339 812 1411 sibi
839 1347 1003 1410 statuant
1027 1339 1070 1409 iis
1095 1361 1281 1432 nusquam

233 1464 300 1549 uti,
324 1472 570 1559 praeterquam
596 1463 634 1532 in
660 1486 706 1533 eo
731 1486 841 1533 sensu
866 1486 977 1556 quem
1004 1462 1164 1558 explicat
1188 1463 1283 1534 defi-

234 1586 336 1658 nitio.
404 1585 439 1655 2.
480 1583 762 1656 Definitionibus
805 1584 1034 1679 subjungunt
1070 1585 1282 1670 Axiomata,

233 1734 327 1806 quas
349 1721 388 1782 et
411 1700 535 1784 κοινὰς
554 1703 696 1786 ἐννοίας
717 1706 885 1794 vocant¹3
912 1709 949 1781 h.
963 1734 995 1782 e.
1012 1709 1125 1780 effata
1146 1720 1281 1807 sponte

233 1835 438 1932 perspicua,
448 1835 581 1929 quihus
594 1835 630 1905 in
644 1834 803 1906 decursu
815 1834 936 1930 operis
947 1833 1127 1905 utendum
1141 1833 1281 1905 vident.

233 1956 269 2030 3.
304 1957 477 2030 Posthaec
512 1957 688 2053 adjiciunt
716 1957 918 2043 Postulatu,
947 1980 1033 2052 quae
1066 1957 1114 2028 ad
1146 1959 1279 2054 praxin

234 2090 425 2178 spectant;
455 2090 616 2177 suntque
638 2105 705 2178 per
727 2105 767 2152 se
789 2088 890 2152 certa
906 2089 945 2150 et
961 2079 1165 2164 evidentia;
1193 2106 1280 2177 quae

232 2203 388 2300 proinde
404 2205 483 2276 sine
498 2204 717 2300 probatione
734 2203 888 2275 concedi
904 2227 973 2275 suo
988 2202 1072 2297 jure
1083 2206 1279 2298 postulata

236 2327 271 2398 4.
286 2327 400 2398 Hisce
412 2327 551 2423 positis,
562 2326 830 2424 propositiones
843 2326 1115 2411 demonstrant;
1139 2328 1281 2414 ordine,

233 2460 284 2538 et,
312 2451 436 2548 quoad
465 2451 545 2523 fieri
572 2461 707 2550 potest,
735 2450 937 2524 affirmate:
976 2474 1052 2522 una
1079 2450 1161 2547 lege
1190 2476 1281 2525 con·

233 2575 338 2660 tenti,
365 2584 422 2660 ut,
450 2575 626 2671 quicquid
659 2575 951 2647 demonstratum
980 2582 1082 2659 eunt,
1112 2599 1161 2647 ex
1189 2585 1279 2648 ante

231 2698 328 2772 datis
343 2698 404 2771 vel
425 2699 588 2796 probatis
610 2697 843 2771 manifestum
866 2697 1011 2770 faciant.
1067 2699 1224 2786 Caetera,
1240 2701 1280 2772 in

233 2825 366 2920 quihus
391 2823 555 2896 methodi
579 2830 826 2919 praeceptores
848 2820 955 2892 multi
979 2831 1127 2894 suntet
1150 2823 1280 2908 odiosi,

232 2973 310 3020 non
327 2956 529 3020 morantur.

285 3072 635 3145 Mathematicorum
664 3069 883 3142 methodum
908 3071 947 3142 in
972 3069 1115 3142 caeteris
1139 3069 1280 3142 artibus

232 3205 272 3268 et
301 3196 474 3282 scientiis,
503 3195 534 3266 si
565 3203 692 3266 tenere
725 3218 802 3266 non
833 3194 955 3280 liceat,
985 3192 1149 3265 aemulaii
1178 3201 1279 3265 certe

272 3476 282 3514 ἰ
301 3477 371 3534 The
383 3483 464 3534 ωιηὶ
476 3482 569 3534 imm
581 3477 616 3534 of
631 3477 684 3533 the
703 3478 968 3534 mathematicians
981 3471 1163 3547 corrospond
1177 3478 1210 3527 to
1222 3471 1278 3528 the

231 3574 364 3642 ι’ξιόμω
377 3571 413 3627 of
421 3572 575 3628 Alistotle.
617 3572 687 3629 The
699 3573 792 3629 latter
803 3581 882 3630 term
896 3574 923 3630 is
936 3580 994 3630 not
1005 3567 1081 3628 used
1093 3567 1135 3642 by
1146 3566 1277 3632 Fundi&

232 3683 292 3721 nor
311 3666 352 3742 by
371 3685 432 3743 any
449 3667 486 3724 of
501 3669 554 3724 the
575 3668 658 3744 early
678 3670 947 3726 Mathematieians
967 3670 1001 3726 in
1020 3668 1061 3723 its
1079 3663 1280 3720 mistotelim

233 3779 333 3819 seinse.
373 3762 496 3838 Among
512 3763 566 3820 the
584 3762 696 3830 Stoias,
710 3765 810 3821 axiam
823 3783 884 3821 was
901 3777 1107 3840 synonymus
1118 3759 1193 3815 with
1210 3776 1280 3834 pro

232 3860 378 3934 position,
397 3859 458 3916 and
478 3860 512 3916 in
532 3860 594 3917 this
613 3878 704 3918 sense
725 3862 750 3918 it
769 3862 796 3918 is
816 3861 995 3919 mentioned
1014 3861 1048 3916 in
1066 3876 1085 3915 a
1100 3874 1230 3933 passage
1247 3857 1285 3912 oi

233 3955 391 4029 Apuleius,
405 3956 519 4030 quoted
531 3975 563 4031 p.
573 3959 623 4023 43,
637 3964 710 4014 note
723 3977 750 4014 a.
789 3958 852 4014 For
864 3976 882 4014 n
895 3957 952 4013 full
964 3957 1081 4030 history
1090 3952 1126 4011 os
1135 3953 1188 4010 the
1201 3960 1281 4010 term

234 4051 294 4108 and
309 4053 349 4110 its
363 4054 479 4111 several
487 4072 569 4121 uses,
581 4072 633 4111 see
644 4054 696 4111 Sir
701 4055 750 4112 W.
760 4053 946 4112 Hamilton's
955 4060 1038 4118 note,
1047 4049 1150 4108 Reid's
1158 4048 1280 4115 Works.

233 4163 265 4219 p.
280 4149 348 4201 'toa
