3052 5122
340 448 363 517 8
733 469 837 519 naris
856 469 994 520 tonica

393 644 461 714 Est
493 642 602 737 igitur
628 642 777 740 Logica,
803 648 872 716 Ars
905 643 1194 716 instrumentalis
1225 643 1383 739 dirigens

343 773 505 837 mentem
522 765 559 835 in
578 767 787 860 cognitione
805 777 970 839 rerum¹¹2
998 768 1148 863 ejusque
1169 782 1291 863 partes
1310 778 1384 838 tres

344 992 478 1041 aetnam.
521 982 700 1039 Sermonem
720 985 876 1041 internum
896 992 982 1041 vocat
1000 988 1046 1041 τὸν
1064 988 1091 1041 ἐν
1107 991 1138 1056 τῇ
1154 989 1230 1058 ψυχῇ
1243 989 1332 1057 λόγον,
1352 980 1384 1037 id

345 1084 399 1142 est,
426 1096 576 1133 remonon
603 1079 651 1151 qai
674 1080 705 1135 in
733 1081 830 1136 anima
857 1091 912 1136 est:
949 1080 1137 1146 Plutarchus,
1163 1079 1384 1143 Damascenus,

344 1172 454 1249 aliique
476 1172 631 1249 appellant
652 1178 734 1248 λόγον
753 1177 897 1231 ἐνδιάθετον
923 1173 955 1230 id
983 1183 1030 1230 est
1055 1193 1204 1230 sennonem
1226 1175 1302 1229 intua
1323 1191 1384 1228 coa

342 1279 465 1343 neptuim
492 1279 522 1325 et
540 1278 707 1334 externum,
729 1275 810 1343 λόγον
821 1274 989 1344 προφορικὸν,
1012 1270 1042 1327 id
1065 1279 1120 1336 est,
1142 1288 1291 1326 sermonem
1299 1269 1386 1338 joras

336 1367 491 1440 prolatum,
515 1366 577 1421 sive
598 1365 834 1439 pronunciatum
886 1370 968 1438 Λόγος
989 1369 1133 1425 ἐνδιάθετος
1153 1366 1215 1421 sive
1236 1365 1385 1429 intremus,

340 1461 419 1521 nihil
434 1469 481 1517 est
494 1460 577 1519 aliud
592 1478 683 1534 quam
698 1461 774 1518 ratio
792 1460 854 1516 sive
869 1460 1018 1535 cogitatio.
1034 1461 1092 1517 hoc
1107 1469 1163 1526 est,
1177 1461 1254 1518 actio
1273 1459 1385 1516 mentis

340 1574 389 1617 res
404 1555 537 1632 objectas
552 1574 716 1630 earumque
729 1555 856 1612 nomina
875 1556 1082 1630 concipientis.
1115 1557 1206 1614 Mens
1221 1556 1302 1613 enim
1322 1571 1386 1610 non

342 1651 441 1708 solum
451 1669 499 1708 res
511 1651 593 1725 ipses
605 1651 738 1725 concipit
749 1659 839 1724 atque
850 1651 1004 1726 intelligit,
1015 1650 1069 1708 sed
1081 1658 1111 1708 et
1122 1651 1232 1709 idonea
1242 1648 1387 1707 vocabule

341 1749 491 1823 excogitat
499 1747 537 1804 ad
549 1756 713 1823 conceptus
723 1767 795 1805 suos
805 1748 872 1805 aliis
884 1748 1063 1805 indicandos
1075 1756 1165 1822 atque
1176 1746 1385 1822 explicandos:

340 1853 431 1918 atque
453 1845 496 1900 ita
515 1843 741 1917 quodammodo
761 1843 794 1898 in
816 1842 917 1917 seipsa
936 1843 1079 1916 loquitur.
1122 1849 1203 1918 Λόγος
1225 1846 1385 1916 προφορικὸο

342 1947 432 2013 atque
442 1949 593 2005 externus
604 1949 651 1996 est
662 1940 812 1995 sermonis
821 1940 933 1995 interni
940 1940 1218 2013 cogitationumque
1227 1939 1385 2010 interpres,

342 2042 432 2107 atque
456 2040 504 2104 (ut
522 2032 733 2089 Damascenus
751 2032 895 2104 loquitur,
920 2034 965 2092 lib.
981 2036 1008 2088 2.
1029 2035 1062 2088 de
1084 2033 1165 2090 Orth.
1180 2034 1237 2104 fid.
1252 2051 1311 2104 cap.
1328 2028 1389 2100 21.)

342 2132 453 2204 ἄγγελος
476 2136 522 2184 τοῦ
543 2130 674 2200 νοήματος,
695 2126 727 2184 id
752 2136 807 2193 est,
829 2129 948 2184 nunnus
969 2130 1154 2200 cogitationis.
1196 2128 1241 2186 Ab
1260 2135 1388 2200 utroque

344 2240 485 2279 sermone
514 2222 665 2297 appellata
700 2229 747 2279 est
781 2222 902 2296 Logica,
930 2226 1104 2300 (utrumque
1139 2223 1221 2279 enim
1249 2223 1327 2297 regit
1354 2238 1389 2278 aa

343 2317 467 2386 format)
485 2316 539 2373 sed
554 2317 590 2373 ab
607 2316 737 2383 interno,
758 2335 849 2390 quem
866 2316 945 2373 nihil
964 2316 1046 2374 aliud
1064 2335 1131 2373 esse
1151 2317 1282 2373 diximus
1297 2334 1388 2390 quarn

345 2413 459 2469 mentis
480 2415 630 2468 rationem
659 2413 721 2469 sive
750 2413 973 2486 cogitationem,
1001 2414 1152 2487 praecipue
1180 2420 1388 2486 nuncupatur;

345 2509 382 2565 ab
408 2519 532 2572 externo
558 2527 708 2576 sermone,
735 2510 796 2565 sive
821 2509 859 2565 ab
887 2496 1032 2576 oratione,
1060 2517 1178 2566 tantum
1201 2507 1389 2568 secundario.

345 2604 459 2680 Logica
473 2605 556 2665 enim
571 2605 649 2679 regit
663 2606 862 2679 cogitationes
871 2605 965 2663 animi
976 2607 1073 2662 nostri
1084 2623 1138 2679 per
1152 2623 1199 2670 se;
1222 2605 1390 2661 orationem

344 2718 407 2756 non
428 2718 483 2774 per
504 2718 545 2766 se,
567 2701 635 2777 (hoc
660 2699 743 2756 enirn
769 2700 983 2762 Grammatioae
1005 2702 1160 2773 convenit)
1189 2700 1242 2763 sed
1264 2707 1390 2761 eatenus

267 2858 272 2865 ,
344 2804 474 2860 tantum,
491 2802 640 2868 quatenus
655 2795 782 2852 rationis
797 2802 910 2852 nostrae
925 2796 987 2852 sive
1004 2796 1221 2871 cogitationum
1241 2795 1391 2868 interpres

345 2891 418 2947 est.”
458 2890 653 2964 Baryeradiea'i
673 2890 745 2947 Inst.
765 2891 835 2964 Loy.
855 2890 875 2945 l.
891 2889 909 2946 i.
926 2908 950 2947 c.
974 2894 999 2947 l.
1036 2890 1081 2950 Cf.
1096 2891 1186 2949 Arist.
1201 2891 1289 2949 Anat.
1312 2890 1390 2947 Post.

345 2987 370 3042 I.
389 2989 434 3042 10.
451 2989 478 3042 6.
507 2990 544 3042 Οὐ
557 2991 623 3061 πρὸς
634 2992 679 3044 τὸν
689 2989 739 3056 ἔξω
752 2991 832 3060 λόγον
841 2987 856 3057 ἡ
865 2988 1002 3056 ἀπόδειξις,
1013 2989 1083 3042 ἀλλὰ
1091 2991 1156 3061 πρὸς
1168 2990 1213 3042 τὸν
1225 2988 1253 3043 ἐν
1262 2993 1293 3057 τῇ
1306 2991 1393 3060 ψυχῇ,

346 3085 402 3139 ἐπεὶ
415 3085 474 3139 οὐδὲ
486 3087 676 3156 συλλογισμός.
700 3082 756 3137 Ἀεὶ
767 3085 819 3156 γὰρ
827 3085 901 3143 ἔστιν
910 3085 1027 3154 ἐνστῆναι
1040 3086 1106 3156 πρὸς
1112 3087 1157 3139 τὸν
1165 3085 1215 3152 ἔξω
1225 3088 1313 3156 λόγον,
1324 3084 1394 3140 ἀλλὰ

345 3182 411 3250 πρὸς
422 3182 469 3234 τὸν
481 3181 535 3239 ἔσω
550 3182 631 3251 λόγον
643 3181 688 3233 οὐκ
701 3179 749 3233 ἀεί·

386 3282 399 3304 ¹²
418 3271 472 3326 Est
485 3272 575 3344 igitar
587 3271 706 3343 Loqica.
748 3270 825 3326 This
841 3270 1000 3329 definition
1020 3273 1046 3328 is
1066 3291 1149 3330 more
1163 3273 1239 3348 fully
1253 3274 1340 3348 given
1354 3272 1394 3344 by

348 3364 570 3439 Burgersdyck‚
590 3364 663 3421 Inat.
683 3366 754 3437 Loq.
776 3365 796 3421 l.
819 3365 838 3421 i.
862 3383 887 3422 c.
910 3372 935 3422 1.
958 3367 1094 3439 “Loqica
1114 3379 1153 3423 est
1180 3387 1227 3423 ara
1248 3368 1394 3438 conficiens

348 3461 541 3523 instrumenta,
551 3459 638 3531 iisque
647 3459 814 3514 intellectum
822 3460 945 3532 diripera
954 3461 987 3519 in
999 3462 1155 3530 cognitione
1165 3479 1265 3516 reram.
1288 3460 1395 3531 [νομίσω

350 3554 449 3608 doeens
476 3551 587 3608 dicitur
614 3570 681 3624 quae
708 3559 860 3626 praecepta
887 3552 996 3618 tradit;
1027 3563 1115 3618 utens,
1140 3571 1207 3626 quae
1234 3552 1395 3627 praeceptis

352 3651 456 3707 utitur.
498 3647 640 3712 Officium
666 3649 787 3725 Logicae
811 3649 958 3715 docentis
981 3657 1028 3705 est
1049 3649 1166 3706 tradere
1191 3658 1343 3724 praecepta
1365 3657 1397 3708 et

353 3745 479 3810 modum
499 3743 650 3804 efficiendi
666 3745 878 3821 instrumenta,
893 3744 1004 3818 quibus
1024 3762 1112 3801 mens
1126 3745 1265 3820 dirigitur
1284 3746 1316 3801 in
1331 3763 1395 3820 cog·

354 3844 471 3900 ultione
485 3858 596 3907 rerum,
610 3841 943 3913 instrumentorumque
963 3845 1103 3897 naturam
1124 3841 1304 3898 describere.
1345 3841 1394 3898 In·

357 3945 526 3995 strumenta
539 3937 653 4011 Logica
667 3945 740 3993 sunt
758 3944 894 4010 quatuor,
910 3935 1055 4002 definitio,
1072 3935 1187 4003 divisio,
1203 3937 1397 4012 syllogismus

358 4044 389 4091 et
402 4034 575 4095 methodus.
611 4032 752 4090 Officium
766 4033 887 4109 Logicae
901 4033 1024 4098 utentis
1040 4040 1087 4089 est
1101 4033 1311 4099 instrumenta,
1327 4053 1397 4091 cum

302 4136 306 4144 '
359 4147 435 4203 opus
456 4136 510 4194 est,
533 4127 659 4192 efficere,
681 4129 779 4201 iisque
800 4135 936 4185 mentem
957 4127 1094 4202 dirigere,
1120 4147 1159 4185 ne
1181 4129 1214 4184 in
1236 4130 1399 4202 quaerenda

358 4242 460 4289 rerum
481 4224 652 4298 cognitione
673 4223 902 4287 hallucinetur.”
943 4224 1034 4286 From
1056 4223 1117 4280 this
1142 4224 1166 4280 it
1186 4242 1312 4298 appears
1333 4225 1400 4288 that
