3052 5122
286 403 335 477 88
674 424 780 475 ruris
798 424 937 475 cocrcm

286 638 421 700 stratur
437 627 475 698 in
494 626 669 719 Barbara)
684 650 771 721 ergo
786 624 1068 696 contradictoria
1086 617 1331 693 conclusionis

286 774 429 847 semper
446 750 554 822 falsa:
581 774 667 845 ergo
687 749 872 821 conclusio
890 749 969 844 ipsa
986 771 1128 842 semper
1146 769 1241 816 vera.

344 871 566 966 [Reducitur
608 872 718 943 etiam
761 872 912 966 quilibet
946 869 1078 941 modus
1120 866 1330 950 innominis,

285 993 383 1065 facto
408 993 508 1088 quod
528 993 751 1089 praecipitur,
776 993 820 1064 ad
847 993 1052 1088 praemissas
1074 991 1129 1061 sui
1152 989 1331 1061 subalter-

287 1117 419 1188 nantis.
471 1117 568 1188 Tum
602 1139 688 1187 vero
725 1115 924 1199 conclusio,
958 1139 1042 1209 quae
1077 1112 1259 1207 colligitur
1291 1111 1330 1182 in

286 1239 414 1334 prima,
432 1238 499 1308 erit
516 1238 574 1309 vel
597 1238 773 1333 expositae
798 1238 1065 1320 subalternans,
1082 1234 1139 1306 vel
1161 1236 1196 1305 in
1217 1258 1332 1328 expo-

287 1361 391 1432 sitam
409 1384 475 1456 per
493 1361 661 1431 accidens
679 1370 923 1432 convertetur.

128 1506 177 1552 nn.
187 1505 229 1552 rr.
241 1505 264 1552 1.
338 1479 605 1554 Reductionesi
647 1483 749 1574 (cum
793 1483 919 1578 primae
958 1482 1005 1553 ad
1044 1481 1212 1575 reliquaS,
1247 1488 1330 1550 tum

128 1571 169 1616 m.
183 1572 206 1616 l‘
288 1629 413 1677 earum
439 1604 486 1677 ad
504 1630 542 1676 se
565 1605 738 1698 invicem)
757 1605 850 1676 bene
872 1604 1016 1689 multas,
1035 1602 1135 1698 quod
1158 1611 1195 1673 et
1212 1600 1333 1702 obviae

288 1731 372 1816 sint,
398 1740 435 1801 et
460 1731 627 1801 instituto
662 1754 745 1802 meo
771 1730 892 1801 minus
926 1728 1152 1812 necessariae,
1179 1734 1331 1822 praeter-

129 1873 268 1984 pnyrm.
288 1852 406 1923 mitto,
469 1850 566 1923 Illud
608 1860 730 1922 tamen
773 1858 903 1923 notatu
943 1850 1092 1944 dignum
1129 1859 1195 1936 est,
1230 1849 1332 1944 quod

288 1998 373 2052 curn
390 1975 503 2046 Darii
523 1974 569 2046 ad
590 1973 798 2060 Camestrec,
822 1983 859 2045 et
877 1974 982 2045 Ferro
1006 1973 1053 2043 ad
1073 1973 1203 2045 Cerere
1224 1972 1332 2043 redu-

288 2108 393 2169 catur
413 2122 480 2193 per
501 2096 734 2193 impossibile,
759 2107 914 2192 uterque
937 2096 1047 2191 igitur
1069 2095 1115 2167 ad
1143 2097 1333 2179 Oetaeam

289 2221 481 2314 omnisque
496 2219 588 2290 adeo
603 2218 734 2290 modus
745 2218 931 2291 reducitur
944 2219 990 2290 ad
1004 2220 1096 2291 duos
1108 2219 1333 2292 universales

288 2342 445 2439 primae]

342 2587 374 2682 §.
403 2587 437 2658 8.
465 2587 700 2659 Perspicuum
719 2597 837 2659 estex
856 2589 1047 2661 antedictis

342 2710 372 2780 Ι.
400 2709 637 2805 syllogismos
661 2709 853 2804 simplices
872 2723 973 2782 certo
998 2720 1108 2806 atque
1126 2711 1333 2783 necessario

291 2831 564 2916 concludentes,
582 2831 661 2902 fieri
680 2832 726 2903 24
745 2832 883 2905 modis:
911 2834 934 2904 6
953 2834 990 2904 in
1008 2834 1170 2928 qualibet
1186 2833 1313 2929 figura.

342 2955 393 3025 ΙΙ.
423 2955 471 3025 Et
488 2955 524 3026 in
544 2954 666 3048 aliquo
684 2955 837 3026 istorum
856 2956 1049 3028 modorum
1064 2958 1207 3053 probari
1223 2982 1331 3054 posse

292 3080 563 3152 conclusionem
586 3079 787 3174 quamlibet
813 3081 857 3151 de
879 3081 1014 3166 inesse;
1043 3107 1176 3177 nempe
1201 3083 1334 3154 Auno

291 3203 414 3288 modo,
442 3204 473 3273 E
509 3212 680 3296 quatuor,
707 3203 724 3273 I
756 3211 910 3299 septem,
937 3205 970 3275 Ο
1000 3205 1194 3277 duodecim
1206 3203 1231 3278 l.
1284 3207 1334 3279 Et

332 3429 338 3461 ί
359 3427 402 3483 of
415 3426 501 3482 these
520 3426 704 3493 reductionS‚
720 3428 744 3482 it
764 3428 843 3485 need
865 3430 936 3504 only
950 3429 988 3486 be
1008 3430 1162 3497 observed
1178 3432 1244 3487 that
1261 3432 1332 3504 they

292 3539 342 3577 are
357 3521 427 3595 only
442 3519 576 3592 possible
591 3520 689 3576 where
712 3520 763 3576 the
784 3539 867 3578 same
881 3523 1019 3597 problem
1034 3543 1090 3581 can
1109 3525 1146 3581 be
1166 3525 1278 3598 proved
1300 3526 1332 3581 in

291 3615 367 3672 both
380 3615 506 3689 figurem
528 3614 627 3670 hence
642 3614 714 3690 only
727 3618 865 3690 negative
889 3619 1060 3694 syllogisms
1076 3638 1131 3676 cau
1146 3620 1184 3676 be
1202 3620 1334 3677 reduced

292 3718 323 3766 to
345 3708 397 3764 the
419 3707 532 3764 second
554 3707 657 3782 figure,
681 3709 741 3765 and
763 3712 834 3785 only
854 3714 1016 3787 particular
1037 3714 1209 3789 syllogisms
1230 3721 1261 3772 to
1283 3717 1335 3772 the

293 3802 385 3859 third.
425 3801 568 3867 Barbara,
583 3801 707 3868 Remoto,
727 3803 788 3859 and
807 3805 951 3873 Bokardo,
967 3813 1078 3863 cannot
1095 3807 1133 3864 be
1153 3809 1336 3884 ostensively

293 3897 425 3954 reduced
437 3905 467 3954 to
480 3916 538 3971 any
550 3897 637 3953 other
647 3896 751 3972 figure,
765 3908 871 3974 except
883 3901 983 3976 hythe
995 3921 1049 3959 use
1061 3902 1095 3959 of
1106 3905 1284 3962 conversion
1298 3905 1338 3980 by

294 3992 543 4065 contraposition.

333 4089 345 4122 ¹¹
366 4087 524 4163 Rejecting
545 4087 596 4142 the
616 4085 718 4142 fourth
737 4085 833 4161 figure
854 4089 915 4146 and
936 4091 988 4148 the
1003 4092 1159 4151 subaltern
1180 4095 1297 4162 moodS,
1313 4098 1337 4154 it

294 4180 355 4236 will
369 4179 407 4236 be
426 4180 524 4236 better
537 4186 568 4235 to
591 4198 643 4254 say
656 4180 728 4236 with
743 4180 901 4249 Aristotle;
924 4184 950 4239 A
964 4186 990 4241 is
1009 4189 1122 4261 proved
1142 4190 1214 4265 only
1228 4190 1261 4245 in
1278 4207 1338 4247 one
