3052 5122
643 436 874 487 acarnanas.
1232 412 1279 489 27

238 607 429 705 Proprium
456 620 494 683 et
519 611 701 684 Accidens
724 612 760 683 in
783 613 907 698 Qrccle.
960 612 1068 685 Unde
1091 613 1197 685 facile
1224 622 1281 685 est

236 732 419 806 conficere
469 733 635 830 vulgatas
696 735 987 807 Praedicabilium
1039 736 1281 811 definitiones.

239 858 336 929 Nam
359 858 477 931 Genus
499 858 682 943 delinitur,
701 858 933 931 Proediccbile
955 863 1048 956 qaod
1065 862 1284 957 preadicatur

240 983 282 1055 de
293 983 456 1078 pluribus
472 982 584 1079 specie
601 980 839 1078 differentibus
857 985 892 1055 in
909 984 1012 1069 Quid.
1055 981 1360 1079 Dffirengfflg,
1372 1003 1395 1048 2·
1408 1004 1433 1048 3·

240 1107 334 1202 qaod
353 1107 396 1183 de
415 1106 578 1203 pluribus
604 1107 715 1203 specie
740 1108 795 1180 cel
819 1132 959 1181 numero
983 1106 1221 1203 dfferentibus
1248 1069 1366 1181 inter.

244 1231 446 1328 Quoleqaid
461 1233 545 1305 dcc.²¹
1293 1231 1393 1291 naga.
1404 1232 1443 1277 w.

271 1355 399 1427 Patet
425 1355 472 1426 2⁰.
536 1354 654 1428 Genus
680 1378 758 1428 esse
788 1355 914 1428 Totum
940 1355 1127 1452 quiddam,
1152 1381 1284 1454 nempe
1293 1370 1381 1497 ffip
1381 1435 1398 1482 h

242 1478 427 1576 Logicum,
453 1478 590 1553 sivein
617 1478 727 1550 modo
754 1477 951 1574 loquendi;
990 1489 1172 1574 quatenus
1198 1500 1442 1553 con-russas.

242 1602 335 1675 tinet
378 1602 416 1696 (i.
447 1626 478 1674 e.
521 1602 790 1698 praedicationis
832 1603 972 1674 ambitu
1010 1604 1283 1701 complectitur)
1293 1565 1361 1626 mg.
1372 1565 1396 1612 θ’
1407 1568 1430 1611 ⁸⁸

243 1725 381 1823 species
410 1734 585 1821 tanquam
616 1736 739 1821 partes
770 1724 825 1796 sui
853 1725 1067 1821 sadjcctivcs.
1128 1727 1285 1824 Speciem

244 1872 392 1945 quoque
416 1849 540 1921 Totum
563 1872 654 1933 esse,
677 1871 810 1944 nempe
834 1840 1128 1947 Metcpdpsicam
1150 1850 1224 1922 sive
1247 1850 1285 1922 in

243 1971 355 2044 modo
374 1971 623 2068 concipiendi;
652 1982 834 2066 quatenus
853 1973 1018 2044 continet
1037 1972 1074 2067 (i.
1089 1998 1120 2046 e.
1139 1974 1185 2046 ad
1207 1998 1288 2071 per-

243 2094 440 2168 fectionem
458 2095 514 2169 sui
531 2095 709 2191 postulat)
730 2095 855 2167 Genus
873 2106 1049 2192 tanquam
1069 2110 1209 2194 partem
1234 2097 1288 2170 sui

245 2220 492 2294 essentialem&
552 2219 660 2293 Unde
688 2218 902 2292 Differentia
932 2221 1066 2293 Generi
1097 2222 1365 2340 accedensffgffs·
1377 2229 1400 2278 ³·
1413 2233 1437 2289 ⁷,

287 2486 405 2562 'Smcie
424 2487 466 2544 vel
486 2505 608 2554 aarum,
631 2486 649 2543 i.
671 2504 696 2543 e.
725 2487 846 2562 generic
875 2485 1037 2543 difference
1065 2487 1099 2543 de
1124 2489 1210 2560 specie
1236 2488 1290 2562 dis·

238 2583 408 2656 famatam
429 2581 559 2657 specillo,
571 2583 604 2639 dc
618 2601 732 2638 leuraam
743 2583 938 2658 differentibus.
980 2580 1043 2638 But
1054 2582 1114 2638 this
1128 2583 1225 2640 would
1237 2590 1293 2640 not

246 2679 285 2738 be
312 2679 438 2737 allowed
462 2678 502 2754 by
521 2678 685 2754 Porphyry‚
708 2678 869 2753 according
896 2687 927 2735 to
949 2678 1048 2734 whom
1074 2678 1245 2737 differentia
1267 2681 1293 2738 is

247 2776 354 2850 always
387 2772 562 2848 predicated
595 2775 628 2831 de
658 2775 743 2847 specie
776 2774 973 2849 differentibus.
1020 2773 1087 2831 The
1122 2777 1294 2851 remaining

249 2870 423 2929 definitione
445 2871 544 2948 might
567 2870 605 2928 be
633 2869 773 2944 supplied
802 2888 834 2927 as
864 2869 999 2936 follows;
1029 2869 1144 2943 Species,
1167 2873 1240 2946 qaod
1260 2874 1294 2929 de

243 2967 371 3040 pluribus
404 2986 518 3024 numero
552 2967 740 3042 diffcrcmdaa
774 2967 805 3023 ia
834 2966 918 3032 Quid.
969 2966 1131 3038 Proprium,
1161 2967 1234 3040 qaod
1261 2968 1294 3024 de

244 3064 372 3137 plumbus
392 3081 505 3120 numero
526 3063 713 3138 differentibus
734 3063 766 3118 ia
788 3063 884 3128 Quale.
926 3063 1069 3127 Accidens,
1091 3062 1164 3135 qaod
1183 3064 1216 3118 dc
1232 3064 1294 3135 plu

250 3160 325 3216 rina
345 3176 441 3231 genere
461 3160 502 3216 vel
521 3161 606 3233 specie
627 3159 669 3215 cel
689 3177 802 3215 recanere
824 3158 1012 3233 differentibus
1035 3159 1067 3213 ia
1089 3158 1186 3223 Quale.
1229 3158 1295 3216 The

253 3264 310 3315 two
325 3257 392 3323 last,
407 3255 553 3323 however,
568 3274 618 3313 are
632 3264 687 3313 not
701 3256 788 3331 given
805 3273 837 3312 as
852 3253 1027 3312 definitions
1042 3253 1081 3328 by
1096 3253 1261 3329 Porphyry.

293 3365 304 3400 1
326 3354 427 3411 Totam
440 3353 720 3426 Lopicam—Totam
740 3353 968 3426 Metapltyst'cam.
1012 3350 1079 3407 The
1099 3352 1252 3426 propriety
1267 3349 1300 3407 of

253 3449 315 3507 this
334 3448 564 3506 nomenclatura
582 3466 651 3523 may
673 3447 710 3504 be
738 3446 926 3522 questioned.
970 3456 987 3479 ‘⁶
1000 3445 1207 3513 Universale,”
1230 3465 1297 3522 says

254 3544 474 3622 Burgersdyck‚
485 3555 502 3578 ‘⁴
510 3552 607 3602 totum
618 3543 769 3618 quoddam
780 3557 839 3610 est;
856 3544 968 3618 quippe
980 3543 1076 3600 multa
1087 3543 1299 3618 complectitur

254 3650 289 3699 ut
301 3647 410 3715 partes.
453 3640 575 3697 Dicitur
589 3648 675 3696 totam
689 3640 834 3713 Lopicaaa
850 3639 921 3713 quia
935 3638 1056 3714 Logicae
1072 3657 1185 3696 munus
1200 3646 1247 3696 est
1261 3637 1298 3697 de

256 3738 404 3795 universis
419 3737 582 3812 disputare.
633 3735 740 3792 Genus
755 3743 786 3793 et
800 3735 970 3794 differentia
985 3736 1216 3811 distinguuntur
1234 3736 1299 3794 sola

254 3834 369 3890 ratione
379 3852 385 3898 ;
408 3832 537 3906 ideoque
553 3830 732 3904 compositio
748 3847 783 3886 ex
804 3847 914 3906 genere
936 3837 967 3887 et
987 3829 1158 3887 differentia
1174 3839 1300 3889 nonest
1370 3838 1374 3846 ’

255 3949 324 3989 vera
344 3930 532 4005 compositio,
554 3928 608 3986 sed
628 3928 807 4002 compositio
829 3929 965 3986 rationis.
1014 3928 1082 3984 Hoc
1103 3934 1201 3984 totum
1221 3929 1300 3988 solet

257 4028 403 4103 appellari
418 4037 503 4084 totam
518 4027 747 4100 Metcphpsicam
763 4025 834 4099 quia
848 4024 1057 4099 Metaplrysica
1072 4030 1208 4080 versatur
1222 4025 1300 4083 circa
1395 4044 1401 4053 ·

255 4143 290 4182 ea
310 4123 380 4190 fere,
403 4142 470 4198 quae
490 4140 553 4179 non
581 4130 643 4179 tam
671 4121 772 4195 reipsa
799 4139 888 4195 quam
917 4121 1034 4177 ratione
1060 4118 1177 4175 diversa
1202 4122 1300 4179 sunt.”

256 4219 327 4277 last.
342 4220 413 4293 Lep.
427 4219 448 4276 l.
463 4219 482 4274 i.
497 4235 522 4274 c.
540 4221 585 4274 14.
628 4217 691 4273 But
708 4216 739 4273 in
760 4215 852 4283 truth‚
868 4234 901 4274 as
921 4214 1043 4289 regards
1066 4231 1148 4271 mere
1167 4216 1299 4283 notions,
