3052 5122
578 452 769 503 seranum.
1123 429 1189 501 141

155 623 278 698 sendae
305 634 391 699 sunt
414 627 684 722 Ineeplicabiles
711 628 769 720 (ut
795 627 989 720 vocantur)
1014 627 1195 713 Rationes,

156 771 246 842 quas
276 749 465 845 Megarici,
495 750 620 835 Stoici,
651 749 782 845 aliique
814 749 1003 821 Eristicam
1033 749 1196 846 professi,

155 871 307 967 propriis
321 872 528 944 nominibus
542 872 768 967 insignivere,
783 872 996 958 Crocodilus,
1007 872 1197 959 Mantiane,

160 993 359 1091 obvelatus,
386 996 447 1068 nc.
475 1019 565 1091 quas
592 995 783 1090 plerasque
810 995 957 1090 collegit
985 995 1196 1082 Gerraidai,

156 1125 194 1187 et
210 1117 336 1189 retulit
355 1117 391 1189 in
411 1118 520 1190 Libro
539 1119 581 1190 de
602 1116 750 1214 Origine
770 1129 804 1190 et
830 1118 1009 1190 Varietate
1026 1118 1196 1216 Logieoe:

157 1236 235 1310 Nos
260 1239 390 1311 eodem
414 1238 489 1311 fere
516 1239 643 1311 ordine
669 1238 940 1334 explorabimus
961 1263 1035 1334 quo
1062 1241 1107 1311 ab
1132 1240 1194 1313 illo

157 1368 242 1432 sunt
258 1362 466 1459 propositae.

208 1483 240 1554 l.
266 1484 449 1556 Acurmns
473 1490 625 1556 vocatur
646 1486 914 1580 Argumentum
933 1508 1007 1579 quo
1030 1507 1117 1556 usus
1140 1494 1195 1556 est
1206 1507 1359 1572 nmimys.

156 1604 258 1675 Zeno
279 1606 437 1692 EleateS,
457 1630 530 1677 non
554 1617 597 1678 ut
622 1607 770 1679 Motum
790 1608 946 1690 tolleret,
965 1604 1066 1701 quod
1082 1606 1193 1702 vulgo
1206 1575 1339 1686 pagam.

155 1727 219 1799 sed
248 1727 339 1800 falso
370 1730 521 1813 dicitur;
562 1730 625 1801 sed
655 1738 697 1801 ut
727 1729 937 1801 ostenderet
967 1701 1270 1816 Continuumffffis
1279 1701 1357 1752 vm·

155 1874 230 1921 non
261 1875 338 1923 esse
366 1852 507 1924 infinite
532 1851 718 1937 divisibile,
745 1852 925 1948 quiahoc
952 1851 1038 1924 dato
1066 1852 1192 1924 Motus
1205 1829 1313 1942 {lgffm

155 1974 354 2047 tolleretur.
388 1976 658 2071 Argumentum
676 1975 727 2046 sic
746 1975 925 2048 sehabet.
965 1974 1020 2046 Sit
1032 1974 1192 2047 Achilles
1205 1958 1281 2007 Μ·

156 2109 334 2192 quantum
359 2102 458 2174 voles
481 2089 600 2176 nidos
618 2088 722 2189 ὠκὺς,
746 2109 836 2197 puta
854 2099 1010 2195 decuplo
1034 2098 1194 2171 velocior

156 2221 366 2296 Testudine.
428 2225 648 2304 Quiescente
687 2224 762 2309 illo,
796 2222 993 2295 confecerit
1027 2220 1193 2295 Testudo

155 2356 295 2441 partem
315 2346 471 2441 aliquam
488 2348 594 2442 (puta
610 2346 808 2440 decimam)
822 2345 927 2441 spatii
945 2345 1193 2442 percurrendi.

156 2467 252 2539 Tum
293 2469 468 2563 procedat
500 2469 672 2554 Achilles,
706 2469 876 2563 idemque
912 2467 1072 2562 spatium
1113 2492 1194 2564 per-

157 2597 299 2662 currat:
327 2591 578 2688 progredietur
602 2592 746 2664 interim
771 2591 936 2663 Testudo
962 2615 1026 2686 per
1051 2600 1194 2687 partem

156 2711 233 2808 ejus
250 2712 440 2798 decimam,
457 2714 494 2786 h.
512 2739 543 2785 e.
562 2714 674 2785 totius
691 2712 795 2808 spatii
814 2712 1071 2796 centesimam3
1098 2712 1194 2785 hanc

156 2834 327 2906 conficiat
356 2835 529 2920 Achilles,
558 2845 596 2907 et
629 2843 818 2930 percurret
851 2834 994 2906 interim
1030 2835 1195 2907 Testudo

155 2955 265 3049 hujus
298 2956 508 3028 centesimae
542 2956 749 3039 decimam;
795 2964 832 3026 et
866 2954 916 3027 sic
952 2954 1123 3050 deinceps
1156 2956 1194 3027 in

156 3075 363 3160 infinitum3
403 3101 476 3172 quo
511 3077 575 3151 fiet
609 3084 650 3150 ut
682 3077 843 3150 Achilles
878 3102 1067 3174 nunquam
1101 3103 1196 3152 asse-

158 3207 292 3293 quatur
309 3197 547 3271 Testudinem
558 3208 584 3271 ¹.

196 3457 211 3486 ¹
231 3447 287 3505 We
301 3453 385 3504 must
397 3452 452 3502 not
465 3444 617 3503 consound
637 3447 688 3504 the
708 3447 925 3522 metaphysical
940 3446 1112 3505 difficulties
1127 3466 1194 3505 con-

155 3544 263 3602 nected
278 3544 349 3600 with
369 3543 420 3600 the
440 3542 557 3600 infinito
577 3543 752 3619 divisibility
767 3544 800 3601 of
816 3562 913 3618 space,
929 3545 1001 3601 with
1018 3545 1069 3602 the
1086 3545 1194 3621 logical

156 3640 301 3716 difficulty
315 3640 349 3698 of
365 3659 383 3697 a
400 3639 475 3696 false
495 3640 672 3697 conclusion
692 3641 868 3716 apparently
884 3640 1019 3697 deduoed
1036 3640 1113 3698 from
1128 3651 1196 3700 true

155 3743 311 3811 premises.
362 3737 553 3812 Archbishop
578 3737 718 3813 Whately
744 3738 851 3795 evades
880 3738 931 3795 the
959 3738 1055 3804 latter,
1082 3738 1121 3812 by
1146 3739 1196 3796 ob-

156 3835 283 3909 serving‚
300 3835 365 3891 that
379 3834 430 3890 the
445 3834 581 3908 sophism
597 3841 708 3892 cannot
722 3835 759 3892 be
775 3833 925 3891 exhibited
942 3835 974 3890 in
989 3852 1007 3890 a
1022 3833 1194 3909 Syllogism.

156 3926 218 3984 But
238 3929 299 3984 this
321 3929 492 3986 confession
512 3929 538 3985 is
558 3929 590 3985 in
609 3929 669 3986 fact
687 3948 705 3986 a
725 3928 887 3986 surrender
906 3927 940 3985 of
959 3928 1010 3984 the
1031 3927 1195 4003 syllogistic

155 4023 305 4090 criterion
326 4043 358 4081 as
380 4043 397 4082 a
416 4044 522 4082 means
544 4025 578 4082 oi
596 4025 837 4101 discriminoting
858 4024 993 4104 between
1015 4023 1114 4080 sound
1135 4024 1195 4082 and

155 4118 298 4174 unsound
312 4120 481 4195 reasoning.
525 4119 573 4176 On
588 4120 639 4177 the
654 4126 801 4195 contrary,
817 4119 947 4195 nothing
965 4118 991 4175 is
1011 4118 1107 4175 ensier
1121 4119 1195 4177 than

156 4221 186 4270 to
201 4213 317 4271 exhibit
330 4214 381 4272 the
397 4215 560 4290 reasoning
577 4216 609 4272 in
624 4235 642 4273 a
656 4215 829 4291 Syllogism,
846 4213 906 4272 nnd
924 4222 954 4271 to
975 4214 1056 4271 slrew
1070 4215 1196 4291 thereby
