3052 5122
365 422 436 498 120
754 445 859 495 rums
876 444 1015 495 aoruca

363 623 458 694 hanc
484 621 634 694 adhibet
664 644 811 692 causam
834 617 1109 702 demonstratio,
1127 624 1164 687 et
1180 614 1351 703 habetur,
1368 624 1408 687 et

363 744 573 818 nominatur
590 743 791 816 Potirrima

413 869 509 941 Sunt
531 866 642 963 igitur
664 891 711 938 ex
734 874 859 938 mente
878 865 1099 960 Logicorum
1119 861 1405 934 Demonstrandi

361 999 521 1088 quatuor
537 989 656 1074 modi;
685 1012 843 1085 quorum
860 987 952 1060 alter
965 987 1070 1059 alteri
1087 978 1281 1071 evidentia,
1293 985 1407 1058 adeo-

360 1139 432 1213 que
449 1113 637 1210 dignitate,
653 1122 836 1208 praestat‘t
894 1111 995 1184 Valet
1014 1109 1288 1182 Demonstratio
1314 1109 1407 1181 obli-

359 1261 450 1334 qua3
478 1237 610 1309 Potens
627 1245 682 1308 est
706 1235 880 1332 quaelibet
897 1235 1064 1319 Directa3
1092 1234 1219 1306 Potior
1235 1257 1319 1329 quae
1336 1258 1406 1332 per

360 1384 508 1433 causam
541 1359 759 1456 proximam,
793 1358 984 1431 Potissima
1018 1381 1103 1453 quae
1142 1381 1208 1454 per
1247 1356 1403 1452 primam

359 1482 598 1556 demonstrat.
669 1481 792 1577 Hujus
832 1490 888 1553 est
928 1480 1078 1576 vulgata
1113 1479 1174 1551 illa
1215 1480 1405 1567 Definitio,

359 1606 593 1704 Syllogiamua
610 1605 888 1692 contansteris,
900 1605 1039 1702 primii,
1055 1603 1274 1689 immediatis,
1291 1604 1405 1677 notio-

358 1732 465 1818 rina,
494 1731 683 1828 prioribus,
717 1743 751 1804 et
785 1732 899 1804 οονοίο
935 1730 1201 1804 conclusionis&
1267 1730 1404 1802 Exem-

359 1856 474 1953 plum,
500 1854 569 1926 nisi
601 1853 696 1926 forte
730 1854 829 1950 apud
855 1853 1154 1940 Mathematicos,
1181 1879 1228 1926 an
1258 1855 1401 1952 uspiam

358 1986 527 2052 occurrat
544 1978 679 2050 nescio.

395 2199 407 2232 ⁴¹
428 2184 494 2242 The
508 2184 663 2262 following
676 2187 757 2246 table
771 2205 841 2263 may
855 2188 947 2246 assist
959 2188 1012 2246 the
1025 2188 1153 2246 learner.

782 2307 972 2356 Demonstratio

516 2439 696 2580 Qutpd‘oif'
874 2369 881 2436 i
1016 2455 1124 2516 Propter
1134 2440 1240 2516 quid-ait

421 2597 529 2658 Obliqua
657 2598 761 2647 Direota
906 2599 964 2646 Non
975 2599 1112 2648 Potissima
1150 2519 1155 2580 Ι
1241 2599 1380 2649 Potissima

295 2708 300 2716 ,
355 2675 401 2721 per
412 2661 588 2711 deductionem
925 2678 1085 2724 peroausam
1230 2678 1391 2725 peroausam

373 2725 571 2788 adimpoesibilo
900 2727 1043 2788 proximam
1054 2743 1110 2788 quae
1221 2728 1363 2789 pro'ximam
1375 2734 1404 2778 ot

910 2793 1106 2854 noneetpn'ma
1256 2792 1365 2854 primam

526 2875 699 2936 peroffectum
732 2889 779 2935 per
788 2888 890 2921 oausam

747 2943 872 2986 remotam

396 3053 406 3077 ν
426 3041 505 3099 rus
519 3042 681 3101 definitam
695 3043 722 3100 is
736 3041 904 3101 translated
918 3041 995 3100 from
1010 3041 1164 3100 nasone.
1208 3042 1352 3114 ’aaran
1371 3045 1401 3100 a

355 3139 425 3211 λέγω
439 3143 621 3213 συλλογισμὸν
638 3142 840 3211 ἐπιστημονικόν.
879 3139 1094 3210 Ἐπιστημονικὸν
1109 3141 1138 3194 δὲ
1156 3141 1227 3212 λέγω
1248 3139 1303 3195 καθ
1323 3138 1402 3216 aurs>

355 3233 425 3303 ἔχειν
443 3235 520 3289 nimiu
538 3235 704 3306 ἐπιστάμεθα.
746 3236 778 3288 Ei
803 3235 888 3289 τοίνυν
906 3235 965 3289 ἐστὶ
990 3236 1020 3289 τὸ
1047 3235 1204 3290 ἐπίστασθον
1223 3232 1277 3289 οἶον
1301 3234 1399 3303 ἔθεμεν,

355 3327 451 3399 ἀνάγκη
471 3330 511 3382 καὶ
530 3330 577 3398 τὴν
594 3330 770 3398 ἀποδεικτικὴν
788 3328 931 3399 ἐπιστήμην
950 3329 979 3397 ἐξ
996 3329 1100 3398 ἆληθῶν
1115 3328 1138 3384 τ’
1151 3327 1214 3385 εἶναι
1233 3331 1274 3383 καὶ
1292 3331 1402 3399 πρώτων

357 3422 398 3473 καὶ
408 3421 512 3491 ἀμέσων
522 3425 562 3476 καὶ
569 3424 768 3495 γνωριμωτέρων
777 3425 818 3477 καὶ
830 3425 962 3496 προτέρων
969 3427 1010 3479 καὶ
1020 3425 1107 3479 αἰτίων
1113 3429 1159 3479 τοῦ
1170 3423 1396 3494 συμπεράσματος.

358 3511 444 3567 Anal.
461 3513 542 3570 Post
557 3514 577 3569 i.
592 3517 619 3570 2.
636 3518 663 3570 2.
706 3515 765 3574 See
779 3515 905 3584 further,
920 3517 1092 3593 Appendix,
1104 3524 1176 3575 note
1190 3515 1227 3573 K.
