3052 5122
603 437 831 490 nunrusurr.
1191 422 1234 499 71

195 601 367 680 tribuitur
398 609 434 682 in
471 613 690 708 praemissis:
731 616 830 712 Ergo
870 625 1042 690 neutrum
1080 617 1115 690 in
1150 644 1237 693 con-

194 729 380 805 clusione:
417 735 516 832 Ergo
543 738 730 812 conclusio
763 740 989 838 particularis
1022 741 1238 817 affirmativa

193 862 258 928 est
311 853 367 929 Sit
397 857 431 931 2.
460 860 664 957 Negativar
701 863 800 961 Ergo
827 864 1014 938 conclusio
1041 867 1235 963 negativa:

192 979 257 1051 sed
298 975 409 1053 debet
450 982 585 1056 habere
620 994 827 1059 extremum
869 1011 945 1060 non
983 988 1234 1064 distributum:

192 1102 292 1199 Ergo
310 1105 538 1201 particularis
555 1109 724 1204 negativa
742 1118 808 1184 est.

241 1227 297 1302 Sit
315 1231 349 1303 2.
377 1231 651 1306 Praemissarum
668 1233 783 1307 altera
799 1233 1025 1332 particularis
1042 1235 1234 1332 negativa:

191 1353 291 1451 Ergo
306 1353 462 1451 Reliqua
475 1354 698 1429 Universalis
716 1356 950 1429 affirmativa:
978 1357 1077 1452 Ergo
1090 1359 1127 1431 in
1141 1383 1235 1457 prae-

189 1476 303 1549 missis
339 1478 414 1550 duo
449 1485 595 1551 tentum
632 1478 775 1552 termini
812 1478 1095 1554 distribuuntur:
1134 1483 1233 1580 Ergo

191 1599 387 1672 Conclusio
405 1599 516 1673 habet
534 1611 741 1675 extremum
759 1625 835 1674 non
853 1601 1103 1678 distributum:
1131 1606 1231 1702 Ergo

180 1748 274 1797 vcum
291 1725 462 1821 negativa
478 1725 536 1811 sit,
554 1726 622 1799 erit
639 1726 749 1799 etiam
765 1726 1003 1823 particularis.

243 1849 300 1920 12.
328 1847 439 1934 Quod
472 1849 502 1922 si
537 1849 759 1923 Conclusior
800 1848 1029 1947 particularis
1063 1851 1120 1937 sit,
1155 1875 1229 1924 non
1243 1886 1292 1931 An,
1304 1883 1346 1930 Pr.
1359 1883 1382 1931 1.

187 1996 337 2045 necesse
378 1979 434 2044 est
471 1973 739 2070 praemissarum
779 1972 932 2045 alteram
973 1973 1229 2070 particularem
1244 1948 1320 1997 Μ’

186 2119 275 2169 esse.
328 2096 421 2169 Fieri
439 2096 535 2169 enim
560 2105 694 2194 potest,
711 2105 754 2169 ut
779 2096 946 2169 instituto
973 2121 1056 2169 meo
1074 2098 1230 2172 sufficiat

184 2220 444 2306 subalternata,
471 2220 619 2317 quando
654 2220 907 2296 subalternam
941 2222 1062 2319 potuit
1095 2221 1227 2296 inferri.

185 2337 236 2418 Et
258 2368 343 2418 cum
366 2344 436 2417 illae
459 2345 531 2418 sint
550 2345 657 2418 simul
674 2369 782 2432 verae,
799 2344 954 2433 liberum
980 2353 1036 2418 est
1052 2347 1228 2421 utramvis

182 2465 325 2541 inferre.
352 2465 574 2564 Quanquam
590 2469 717 2542 stricte
734 2467 934 2564 loquendo,
947 2470 1229 2564 Argumentatio

180 2613 259 2664 non
285 2598 342 2663 est
367 2600 563 2677 accurata3
591 2615 677 2665 nam
696 2590 967 2665 Subalternatae
992 2593 1124 2666 veritas
1151 2617 1227 2666 non

178 2713 392 2787 ‘immediate
427 2714 621 2788 deducitur
654 2740 701 2788 ex
730 2716 937 2813 praemissis,
964 2717 1028 2788 sed
1062 2741 1109 2790 ex
1143 2717 1227 2791 sub-

179 2840 394 2913 alternante.

229 2961 438 3060 Syllogismi
471 2960 660 3056 generales
693 2959 837 3056 regulas
870 2960 1127 3057 complectitur
1151 2962 1223 3035 hoc

179 3085 463 3159 Tetrastichon¹.

216 3242 226 3268 ³
246 3230 322 3288 This
336 3229 401 3288 rule
416 3230 442 3287 is
457 3230 545 3307 given
564 3229 604 3306 by
617 3229 771 3296 Aristode,
789 3237 845 3288 not
858 3230 931 3287 with
945 3229 1100 3288 reference
1121 3238 1152 3289 to
1170 3230 1222 3289 the

176 3327 333 3387 subaltern
353 3327 470 3395 moods,
486 3326 542 3384 but
562 3335 594 3384 to
614 3328 666 3385 the
684 3326 766 3385 third
788 3327 893 3404 figure,
909 3328 941 3385 in
958 3328 1057 3385 which
1078 3336 1135 3386 two
1156 3328 1221 3386 uni·

174 3424 272 3483 versal
292 3423 442 3499 premises
463 3422 537 3499 only
557 3429 687 3480 narrant
714 3441 732 3480 a
751 3423 915 3498 particular
942 3424 1130 3484 conclusion.
1172 3425 1219 3482 An

135 3543 140 3552 ·
174 3522 292 3580 inverse
318 3519 386 3577 rule
414 3517 449 3576 of
469 3517 622 3576 inferenco
650 3517 741 3576 holds
763 3519 837 3576 with
864 3519 972 3596 regsrd
1001 3526 1032 3578 to
1054 3521 1138 3578 truth
1159 3521 1220 3579 and

172 3617 349 3677 fslsehood:
373 3625 430 3675 two
446 3623 512 3674 true
526 3617 676 3692 promises
698 3617 914 3675 necessitates
935 3626 1001 3676 true
1020 3619 1217 3686 conclusion;

172 3714 229 3772 but
247 3712 299 3771 the
323 3713 408 3770 truth
429 3710 464 3771 of
480 3712 532 3770 the
555 3711 733 3771 conclusion
752 3712 826 3771 does
845 3720 902 3770 not
918 3721 1083 3789 guoruntee
1100 3714 1166 3772 that
1187 3713 1221 3775 ot

171 3809 223 3867 the
238 3809 394 3888 promises.
439 3806 485 3866 Of.
499 3807 557 3864 An.
575 3807 621 3864 Pr.
636 3807 666 3863 ii.
683 3810 709 3864 2.
729 3811 753 3863 1.

210 3906 307 3964 ¹The
336 3905 457 3963 earliest
483 3904 561 3962 form
583 3902 617 3962 of
640 3903 701 3961 this
730 3903 905 3962 mnemonio
927 3904 953 3960 is
980 3904 1046 3962 that
1066 3905 1155 3981 given
1176 3903 1216 3980 by

171 4010 279 4070 Petrus
294 4009 474 4084 Hispanus:

290 4105 431 4163 Partibus
446 4124 482 4163 ex
495 4104 579 4180 puris
595 4104 731 4179 sequitur
744 4103 799 4172 nil,
814 4104 875 4161 sive
891 4103 1018 4179 negatis.

290 4202 323 4259 Si
338 4220 398 4277 qun
410 4203 499 4277 praeit
512 4203 615 4276 partis,
631 4201 767 4277 sequitur
781 4200 935 4258 conclusio
949 4200 1054 4275 partis.
