3052 5122
628 482 822 532 nrrnnnnr.
1175 457 1244 536 147

204 653 358 750 amplius
384 656 577 753 loquatur:
612 667 691 730 tum
718 657 917 753 interroget
952 656 1092 750 aliquis,
1120 664 1243 729 utrum

204 801 290 852 vera
306 803 352 853 an
378 780 470 854 falsa
486 783 532 855 sit
555 783 635 856 haec
659 781 870 878 propositio.
924 781 1156 877 Responde0,
1174 806 1243 854 nec

203 926 324 977 veram
352 930 421 978 nec
448 905 575 979 falsam
606 931 697 993 esse,
723 908 788 979 sed
820 906 908 979 nihil
935 905 1149 1000 significare,
1175 905 1243 978 nisi

202 1027 339 1124 aliquid
357 1029 454 1102 aliud
471 1030 652 1127 respiciat,
670 1030 769 1126 quod
787 1055 809 1103 a
826 1031 976 1104 Socrate
1000 1029 1241 1103 antedictum

200 1153 428 1249 supponitur.
481 1153 555 1233 Qui
573 1153 669 1225 enim
686 1153 824 1250 profert
841 1151 923 1226 haec
942 1152 1063 1238 verba,
1078 1153 1243 1226 Socrates

200 1275 286 1348 dicit
299 1276 451 1372 falsam,
468 1275 539 1349 fert
561 1276 739 1373 judicium
762 1276 807 1348 de
831 1275 930 1348 dicto
955 1276 1135 1361 Socratis;
1164 1277 1242 1373 qui-

200 1421 271 1493 que
294 1397 365 1471 fert
381 1399 574 1496 judicium,
600 1400 803 1472 necessario
828 1398 1078 1496 praesupponit
1105 1399 1241 1495 aliquid

198 1518 244 1592 de
263 1546 336 1616 quo
349 1522 513 1618 judicet:
540 1521 649 1597 Unde
667 1547 751 1596 cum
775 1522 957 1594 sententia
979 1534 1240 1619 praesupponat

197 1642 384 1739 objectum
409 1670 529 1732 suum,
556 1646 695 1720 clarum
718 1654 774 1719 est
800 1646 954 1719 eandem
980 1669 1135 1717 numero
1157 1671 1240 1743 pro-

171 1766 428 1861 positionem,
455 1777 492 1840 et
518 1769 736 1842 sententiam
764 1776 802 1840 et
836 1767 913 1864 ejus
944 1767 1128 1861 objectum
1160 1792 1237 1840 esse

196 1911 272 1962 non
286 1914 404 1985 posse.
456 1892 581 1971 Quare
599 1900 636 1964 et
650 1889 866 1964 Scholarum
882 1891 1059 1963 subtilitas
1073 1891 1129 1962 hic
1148 1892 1236 1965 nihil

194 2012 361 2110 proficit;
390 2014 552 2109 nihilque
570 2039 662 2111 opus
683 2021 739 2087 est
761 2014 866 2110 plura
890 2013 1010 2086 dicere
1029 2014 1075 2084 de
1094 2015 1237 2088 Insolu-

195 2135 335 2211 bilibus.

231 2262 276 2366 d.
295 2263 323 2334 F
324 2287 460 2337 nutans
471 2254 773 2353 Aranavaa'vavh,
780 2264 837 2338 vel
853 2271 894 2336 ut
906 2262 964 2336 alii
976 2255 1233 2358 Διαλεληθὼς,

192 2384 238 2459 de
255 2385 278 2458 J
280 2396 472 2461 uramento
485 2388 579 2462 ludit
596 2390 690 2463 sicut
707 2390 886 2463 Mentiear
899 2388 944 2461 de
963 2390 1062 2463 nuda
1079 2391 1234 2464 affirma·

191 2509 302 2584 tione.
355 2514 451 2609 Eg.
480 2513 550 2599 Qui
562 2516 668 2610 jorot
693 2540 730 2588 se
741 2515 881 2611 falsam
895 2515 1024 2609 jurare
1047 2527 1081 2588 et
1095 2516 1234 2612 falsam

180 2635 298 2729 jaret,
324 2661 402 2709 aere
425 2637 541 2731 jurat.
594 2636 717 2723 Quare
752 2638 881 2710 eodem
907 2636 981 2709 fere
1016 2639 1126 2711 modo
1159 2665 1233 2735 quo

189 2755 368 2832 Mantiane
386 2758 599 2856 explicatur.

240 3005 273 3100 ξ.
293 3003 326 3081 7.
351 3005 385 3079 6.
405 3007 439 3084 7.
467 3006 697 3091 Οανααατυα,
715 3005 786 3078 αΙίο
805 3005 952 3078 nomine
971 3007 1157 3094 Enncrnn,
1176 3017 1231 3081 est
1245 3031 1321 3094 Soph.

186 3127 352 3202 Fallacia
378 3155 400 3201 a
424 3129 516 3202 dicto
538 3129 723 3203 secandam
745 3128 842 3214 Quia
864 3129 915 3202 ad
936 3131 1066 3202 dictam
1087 3097 1350 3228 Simpli-dieiih'

188 3250 285 3326 citer.
338 3252 435 3326 Nam
463 3251 634 3348 colligere
664 3250 860 3347 pertendit,
888 3253 988 3347 quod
1015 3260 1052 3325 et
1082 3254 1228 3328 Patrem

186 3374 297 3448 Filius
332 3386 370 3448 et
404 3375 517 3450 Soror
543 3375 719 3460 Fratrem,
753 3374 789 3447 h.
816 3399 847 3447 e.
876 3375 1025 3448 Electra
1060 3377 1227 3456 Orestem

178 3522 328 3595 prorata
343 3477 492 3585 nesciat,
510 3497 540 3570 si
557 3499 714 3571 eundem
733 3499 808 3573 velo
833 3501 1015 3574 obductura
1032 3526 1070 3573 se
1088 3504 1228 3577 nescire

183 3619 364 3696 fateatur¹.

223 3759 236 3795 l
256 3759 323 3817 The
334 3765 513 3819 Διαλανθάνων
521 3761 547 3818 is
558 3760 731 3837 probablya
743 3761 859 3820 similar
867 3763 988 3841 Fallacy
1000 3771 1029 3822 to
1042 3765 1093 3823 the
1105 3766 1227 3824 Electra

183 3853 244 3912 and
265 3856 317 3913 the
333 3856 506 3914 Obvelatus.
547 3857 613 3915 The
634 3856 755 3914 honour
776 3855 810 3914 of
825 3858 865 3915 its
881 3858 1038 3917 invention
1059 3862 1085 3918 is
1105 3860 1226 3919 divided

182 3948 318 4007 between
346 3951 516 4010 Eubulides
544 3951 605 4009 and
631 3951 786 4009 Diodorus
815 3951 943 4010 Oranus.
993 3955 1059 4012 The
1088 3957 1225 4031 example

181 4043 271 4121 given
285 4044 324 4121 by
337 4045 462 4103 Aldrich
473 4046 499 4104 is
514 4068 532 4105 a
545 4065 628 4104 mare
643 4046 814 4123 conjecture
830 4048 863 4105 of
875 4048 1061 4107 Gessendi’s.

223 4139 229 4175 ¹
250 4140 317 4197 The
339 4140 460 4217 Fallacy
481 4141 516 4199 of
535 4143 587 4199 the
615 4143 736 4200 Electra
764 4143 789 4199 is
816 4142 952 4201 founded
980 4162 1020 4201 on
1046 4144 1221 4221 Sophocles,

181 4236 278 4295 Eleot.
304 4240 390 4296 1222.
432 4238 509 4296 Itis
530 4238 617 4313 given
646 4256 679 4296 aa
703 4237 818 4296 follows
846 4239 885 4315 by
905 4239 1032 4309 Lucian,
1054 4241 1113 4300 Vit.
1136 4243 1221 4301 Anat.

669 4341 730 4412 u2
