3052 5122
532 446 726 498 nrrsnnrx.
1081 423 1146 496 151

157 631 213 704 14.
242 630 385 704 Ionavn
406 624 527 704 Rnsro
546 631 604 704 vel
625 620 762 727 ’Apybr
781 619 897 724 λόγος
915 630 1149 727 appellatur⁰,

104 753 167 850 qui
185 754 213 826 si
231 754 352 826 valeat
370 754 459 827 nihil
478 762 534 826 est
551 755 700 827 omnino
720 755 819 851 quod
838 778 989 851 agamus
1008 754 1045 826 in
1064 753 1147 827 vita.

101 878 145 950 V.
158 902 192 974 g.
212 878 254 952 Sl
270 879 400 952 Fatum
418 891 469 952 ert
485 890 621 975 oegroto
635 881 881 966 concalescere,
895 880 965 952 slve
982 879 1149 952 medicam

102 1002 300 1075 adhibuerit
322 1003 392 1076 siue
415 1028 484 1075 aaa
501 1002 712 1090 collibuerit,
729 1004 967 1076 convalescet:
997 1003 1148 1088 Pariter,

102 1125 133 1198 si
166 1127 221 1198 illl
254 1126 384 1199 Fatum
417 1137 469 1199 est
503 1151 571 1199 aoa
603 1127 850 1213 concalescere,
880 1127 951 1200 eloe
981 1127 1149 1199 medicam

102 1249 404 1334 attrectatae
430 1273 497 1321 aoa
523 1249 732 1335 adhibuerit,
759 1275 827 1323 aaa
853 1249 1089 1323 convalescet:
1115 1261 1150 1322 ct

102 1373 309 1445 alterutram
332 1370 463 1444 Fatum
485 1383 537 1443 est
548 1398 562 1454 ;
588 1372 756 1445 medicam
773 1397 859 1470 ergo
879 1373 1043 1444 adbibere
1060 1373 1152 1445 ailll

103 1495 239 1566 ottr'act.
299 1492 436 1591 Lepide
466 1493 653 1588 respondit
681 1494 907 1592 Chrysippus
936 1518 1043 1591 posse
1069 1518 1147 1568 esse

106 1617 311 1713 Coafatalla
348 1617 522 1690 adhibere
564 1618 748 1692 medicum
792 1628 830 1694 et
869 1619 1146 1694 convalescere:

103 1741 425 1822 Quemadmodum
457 1749 494 1815 et
528 1743 644 1828 Zeno,
675 1743 823 1838 quando
854 1766 1000 1815 servum
1030 1743 1147 1816 furem

102 1864 328 1951 verberabat,
367 1864 501 1937 Focari
540 1865 606 1937 stoa·
644 1866 774 1938 Fatam
814 1891 886 1940 esse
926 1866 1073 1952 dicenti,
1110 1873 1148 1939 et

109 1988 286 2084 Vapulare
319 1986 517 2083 respondit.
569 1986 643 2060 Sed
677 1989 906 2061 commodius
943 1989 1015 2062 dici
1049 1988 1148 2062 vide·

101 2124 174 2202 tur,
197 2115 236 2188 Si
258 2116 304 2189 sit
326 2117 471 2202 Fatum,
494 2115 566 2189 hoc
589 2116 709 2190 valere
727 2125 1008 2213 argumentum;
1036 2115 1146 2212 idque

100 2240 158 2321 rel
188 2238 307 2313 solum
339 2239 505 2312 sufficere
537 2264 583 2312 ne
614 2241 744 2313 Fatum
778 2264 857 2314 esse
888 2241 1145 2314 concedamus.

100 2364 370 2458 Argumentum
399 2363 516 2436 hocce
545 2371 581 2435 et
610 2388 694 2460 quae
725 2364 941 2462 praecedunt
970 2390 1030 2462 pp.
1062 2365 1145 2451 143,
1184 2443 1188 2451 γ

103 2486 184 2559 144.
237 2485 298 2559 N⁰.
329 2487 362 2559 2.
393 2493 431 2558 et
465 2487 499 2558 3.
530 2509 578 2558 ex
609 2487 837 2560 Dilemmatis
867 2487 1009 2583 legibus
1038 2488 1145 2561 facile

101 2609 303 2682 solvuntur.
990 2619 993 2624 “

151 2855 184 2949 §.
203 2853 238 2925 9.
264 2854 393 2926 Puunn
419 2861 505 2926 sunt
528 2854 625 2952 apud
648 2855 807 2926 Antores
826 2853 1144 2952 Inexplicabilium

100 2975 302 3048 Rationum
331 2975 504 3060 nomina3
544 3000 701 3072 quorum
736 2976 905 3073 exempla
935 2977 1144 3052 Gassendus

99 3096 184 3192 quia
207 3120 388 3192 nusquam
415 3097 624 3184 invenisset,
641 3098 718 3193 ipse
743 3099 885 3195 reperit.
937 3101 1073 3172 Verum
1100 3125 1144 3174 ea

97 3218 336 3314 relinquimus
366 3219 559 3303 studiosis;
597 3219 729 3314 quibus
755 3220 865 3293 etiam
891 3220 1061 3295 consulto
1088 3231 1144 3297 est

96 3343 276 3429 relictum,
310 3352 353 3414 ut
387 3367 471 3438 quae
512 3352 598 3418 sunt
641 3344 820 3417 hactenus
861 3344 1054 3442 explicata,
1091 3347 1143 3420 illi

97 3468 283 3564 explicent
300 3466 336 3539 in
356 3466 595 3563 Syllogismos
613 3492 801 3541 conversa.
854 3469 1035 3567 Exempla
1054 3472 1144 3546 Gas-

95 3590 198 3664 sendi
225 3614 272 3663 ne
300 3589 507 3663 desiderent
533 3589 596 3686 qui
620 3590 713 3663 libro
740 3600 877 3676 carent,
903 3615 978 3664 non
1007 3593 1145 3691 pigebit

97 3713 314 3786 exscribere.

145 3838 342 3910 Domlaaas
377 3828 577 3934 Κυριεύων.
647 3836 904 3911 Themistoclis
939 3836 1034 3911 filius
1074 3862 1142 3911 nec

97 3961 237 4033 Graecis
254 3961 420 4059 imperat,
438 3987 506 4036 nec
525 3963 570 4034 de
588 3961 802 4058 imperanda
822 3960 981 4054 cogitat:
1005 3961 1141 4034 Verum

25 4084 34 4185 J
94 4085 251 4179 imperat
295 4085 418 4173 Matri,
464 4111 548 4182 quae
590 4086 747 4183 imperat
789 4083 1042 4168 Themistocli,
1080 4087 1142 4181 qui

381 4246 393 4268 ⁰
413 4232 472 4292 See
486 4231 602 4298 Cicero,
618 4233 651 4288 dc
665 4231 749 4297 Fato,
767 4248 791 4288 c.
810 4234 856 4288 la.
