3052 5122
276 424 324 501 74
667 450 772 500 narra
791 450 927 500 noorcn

273 622 541 721 praemissarum
560 623 675 696 altera
696 633 820 720 negat,
838 624 901 698 sed
925 649 1000 697 non
1021 623 1232 708 Conclusio,
1250 623 1320 695 viz.

270 746 389 820 AEA.
417 747 518 821 AEI.
544 747 662 822 AOA.
686 748 789 822 ΑΟΙ.
807 747 950 820 *Ena
976 745 1205 820 ΕΑ1.ΕΙΑ.
1230 744 1317 817 ΕΙΙ.

269 868 780 945 *IEA.1E1.·0AA.0A1.
833 870 929 944 Octo
952 895 1019 968 per
1040 871 1132 967 Reg.
1155 871 1211 943 11.
1231 872 1319 967 quia

269 993 539 1090 praemissarum
563 994 678 1067 altera
702 994 928 1091 particularis
949 1002 1018 1079 est,
1036 994 1101 1066 sed
1125 1017 1201 1066 non
1221 995 1320 1067 Con-

268 1115 397 1203 clusio,
414 1117 481 1190 viz.
508 1116 610 1189 AIA.
637 1115 739 1190 ΑΙΕ.
767 1114 1183 1190 ΑΟΕ.*Ε1Ε.*ΙΑΑ.
1211 1115 1313 1189 IAE.

267 1237 394 1311 *lan
411 1239 553 1312 roan.
607 1240 776 1336 Denique
794 1247 954 1335 quatuor
974 1263 1039 1336 per
1061 1239 1153 1333 Reg.
1171 1240 1207 1311 9.
1226 1239 1312 1335 quia

267 1359 466 1435 Conclusio
492 1363 661 1458 negativa
689 1371 746 1435 est
773 1362 838 1436 sed
869 1371 1002 1435 neutra
1030 1362 1313 1458 praemissarum,

266 1485 334 1558 viz.
357 1484 474 1558 AAE.
494 1487 610 1560 AAO.
629 1484 876 1559 A10.*1A0.

317 1611 577 1683 Excluduntur
599 1611 710 1708 igitur
731 1612 769 1683 in
794 1611 1004 1684 universum
1032 1608 1137 1682 Modi
1160 1609 1209 1682 52
1222 1640 1256 1677 .-.
1269 1609 1313 1681 16

278 1754 308 1814 ÷
327 1733 372 1805 12
390 1755 419 1814 ÷
440 1735 484 1806 12
503 1756 532 1815 ÷
550 1735 573 1807 8
592 1756 622 1815 ÷
639 1735 673 1808 4.
698 1734 875 1830 equibus
901 1733 1007 1805 multi
1033 1740 1165 1806 contra
1190 1732 1314 1829 plures

264 1856 409 1953 regulas
425 1867 594 1954 peccant,
613 1858 778 1954 quamvis
796 1881 871 1930 una
887 1866 1033 1929 tantum
1052 1863 1212 1928 notetur.

317 1979 521 2076 Supersunt
540 1981 775 2075 (64-522)
794 1980 838 2052 12
858 1980 964 2052 Modi
982 1980 1029 2052 ad
1047 1978 1311 2075 Syllogismum

265 2102 386 2190 utiles,
415 2103 482 2176 viz.
512 2105 625 2176 AAA.
657 2103 757 2176 ΑΑΙ.
788 2105 901 2176 ΑΕΕ.
931 2103 1047 2176 ΑΕΟ.
1077 2103 1165 2175 All.
1195 2102 1312 2174 ΑΟΟ.

267 2227 405 2300 *Ena
432 2227 545 2300 ΕΑΟ.
574 2227 675 2301 ΕΙΟ.
702 2228 816 2300 *IAL
844 2228 967 2300 [Eoi.
994 2226 1134 2299 *OAO.

315 2473 349 2567 ᾗ.
378 2472 412 2543 5.
463 2474 641 2546 qunAE‘
681 2474 986 2572 Syllogismorum
1021 2481 1108 2545 sunt
1144 2474 1178 2545 4.
1214 2473 1313 2545 Nam

302 2704 318 2733 ¹¹
338 2694 412 2752 ΙΕΟ
424 2694 569 2751 hasbeen
581 2695 771 2754 condemned
784 2715 853 2754 ever
864 2697 947 2754 since
960 2697 1012 2752 the
1024 2695 1097 2771 days
1109 2693 1143 2751 of
1153 2693 1310 2768 Apuleius

261 2809 295 2848 as
309 2789 355 2848 far
368 2808 400 2847 as
414 2790 467 2846 the
482 2789 595 2847 second
610 2793 671 2849 and
685 2792 768 2849 third
782 2791 894 2868 figures
916 2810 966 2849 are
984 2790 1164 2848 concerned.
1206 2791 1237 2847 It
1250 2808 1311 2847 was

261 2886 437 2944 sometimes
450 2887 575 2945 allowed
590 2888 623 2944 in
637 2891 689 2946 the
703 2888 778 2955 first,
791 2907 824 2946 as
836 2888 887 2947 the
899 2889 1030 2945 indirect
1040 2887 1133 2945 mood
1144 2888 1308 2953 Frisesmo.

261 2983 317 3040 but
335 2982 445 3040 should
464 2990 520 3040 not
537 2984 614 3041 have
632 2985 711 3041 been
726 2983 864 3042 retained
879 2985 919 3060 by
934 2983 1069 3051 Aldrich,
1085 2985 1152 3041 who
1167 2984 1241 3042 does
1255 2991 1312 3042 not

260 3082 417 3157 recognise
438 3081 491 3138 the
512 3081 643 3140 indirect
663 3082 781 3141 moods.
822 3083 908 3141 With
927 3101 945 3139 a
964 3082 1060 3139 direct
1079 3082 1266 3147 conclusion,
1287 3082 1311 3137 it

260 3175 434 3260 manifestly
447 3176 597 3250 produces
612 3196 651 3235 an
665 3178 754 3235 illicit
767 3197 890 3254 process
905 3178 939 3235 of
949 3179 1002 3235 the
1016 3177 1114 3254 major
1127 3184 1216 3234 term.

299 3281 315 3309 ¹
335 3272 459 3345 Figurae,
472 3273 601 3344 σχὴματα,
614 3273 670 3329 An.
683 3274 731 3331 Pr.
743 3275 761 3330 i.
774 3277 802 3330 4.
817 3277 864 3331 15.
886 3283 903 3306 “
913 3274 1041 3350 Figurae
1053 3272 1309 3348 syllogismorum,

259 3384 327 3439 quae
348 3366 491 3422 dicuntur
513 3366 675 3440 (Apuleius
696 3368 870 3427 ‘formulas’
888 3372 1001 3442 vocat),
1019 3370 1057 3426 ab
1076 3366 1240 3425 Aristotele
1260 3384 1309 3439 ap-

258 3462 386 3538 pellatas
408 3481 475 3520 esse
494 3464 557 3520 dul.
579 3465 687 3522 Pacius
710 3473 805 3540 putat,
827 3469 899 3542 quia
918 3466 1025 3543 figuris
1045 3465 1237 3543 geometricis
1259 3461 1307 3520 ad·

258 3557 379 3632 scriptis
394 3558 563 3634 syllogismi
577 3560 614 3616 ab
630 3578 665 3617 eo
681 3561 824 3619 illustrati
839 3563 910 3619 sint
944 3561 1098 3636 Equidem
1111 3560 1191 3617 hanc
1202 3575 1307 3615 vocem

258 3672 322 3711 non
342 3661 405 3711 tam
425 3673 442 3711 a
460 3656 652 3730 geometricis
673 3658 800 3732 petitam
822 3676 913 3733 quam
935 3658 973 3717 de
994 3659 1061 3732 ipso
1082 3655 1187 3714 ordine
1207 3653 1308 3710 tormi-

257 3766 368 3806 norum
388 3748 596 3824 accipiendam
617 3753 795 3826 putaverim,
812 3771 903 3828 quem
918 3757 1008 3825 σχῆμα
1027 3751 1173 3828 appellari
1192 3749 1305 3816 licebit,

256 3843 349 3902 etiam
364 3845 390 3902 si
405 3844 442 3902 de
457 3848 649 3921 geometricis
665 3847 771 3923 figuris
788 3866 852 3905 non
867 3848 1031 3924 cogitetur:
1055 3850 1098 3905 sio
1114 3849 1198 3905 enim
1213 3864 1306 3921 supra

257 3943 562 4000 commemoravimus
581 3947 613 4001 τὰ
632 3946 753 4017 opipara
768 3950 813 4016 τῆς
826 3948 976 4020 κατηγορίας
992 3945 1149 4019 (Metaph.
1163 3963 1189 4000 v.
1206 3947 1234 4000 2.
1252 3944 1306 4014 1.),

256 4042 286 4094 τὸ
310 4044 400 4112 σχῆμα
421 4045 466 4111 τῆς
489 4042 557 4099 ἶδέαα
581 4042 732 4117 (Metaph.
755 4042 792 4098 vi.
816 4045 844 4099 3.
866 4044 922 4114 2.),
947 4045 979 4098 τὰ
1002 4043 1124 4115 σχήματα
1146 4046 1191 4112 τῆς
1211 4041 1307 4110 λέξεως

260 4131 359 4206 (Poet.
378 4135 423 4191 19.
442 4137 497 4207 7.),
520 4142 610 4209 σχῆμά
628 4162 653 4192 τι
673 4139 842 4211 δημοκρατίας
862 4136 966 4206 (Polli.
984 4138 1022 4195 vl·
1039 4141 1066 4194 4.
1086 4136 1157 4212 5.).”
1196 4134 1304 4200 Waltz,

257 4224 314 4284 vol.
331 4227 349 4284 i.
365 4246 394 4303 p.
411 4231 477 4286 884.
