3052 5122
669 462 897 516 uncinarem.
1254 436 1301 516 97

256 637 394 732 gismus
412 637 637 735 apertissime
659 638 730 712 hoc
749 638 847 711 dicat
864 637 901 709 in
929 634 1101 722 secunda,
1122 634 1300 731 Objectam

240 762 336 859 fidei
358 765 485 838 dioiooe
508 776 560 837 ott
585 765 799 862 Scriptura:
833 763 996 836 Traditio
1020 787 1087 835 noa
1111 774 1162 835 ott
1180 761 1300 857 Scrip-

253 896 361 971 tara;
388 911 475 984 ergo
499 888 660 961 Traditio
677 912 745 961 noo
762 900 814 961 est
835 885 1116 984 Objeotomfidei
1133 885 1268 958 dioiaoe.

303 1008 443 1083 Ibidem
469 1008 634 1108 imperite
660 1018 829 1084 autumat
855 1009 1115 1106 syllogismum
1141 1031 1297 1104 sequen-

252 1140 339 1218 tem,
366 1133 404 1206 in
435 1157 509 1230 quo
544 1157 672 1208 omnes
701 1134 970 1232 propositiones
999 1133 1169 1206 videntur
1199 1132 1296 1205 affir-

207 1290 216 1307 e
251 1255 408 1343 mativae,
426 1279 505 1329 esse
522 1256 560 1329 in
584 1257 763 1341 secunda;
792 1257 925 1330 salvari
948 1278 1048 1342 vero,
1068 1254 1152 1350 quia
1176 1254 1297 1326 minor

250 1398 359 1451 sensu
376 1378 572 1464 exclusiva,
589 1379 796 1475 negativam
812 1377 851 1451 in
874 1402 913 1450 se
932 1377 1130 1451 contineat.
1184 1376 1296 1462 Quod

251 1498 280 1572 si
302 1499 400 1596 ipsos
425 1500 634 1596 Syllogismi
656 1501 832 1573 terminos
857 1500 924 1572 rite
949 1500 1163 1596 dignoscere
1187 1507 1296 1595 potn-

248 1621 347 1707 isset,
372 1621 519 1695 vidisset
550 1646 637 1696 sane
669 1622 932 1720 Syllogismum
962 1646 1041 1696 esse
1067 1622 1106 1696 in
1132 1622 1295 1696 Barbara

249 1744 477 1841 transpositis
490 1743 697 1843 praemissis,
708 1769 741 1818 v.
750 1768 785 1842 g.
798 1746 922 1819 Bonas
935 1744 1069 1817 Pastor
1082 1757 1134 1842 ost
1143 1757 1294 1841 parator

249 1865 400 1939 animam
417 1893 549 1963 ponere
568 1892 637 1965 pro
662 1868 779 1941 ooibar
789 1896 804 1953 ,·
838 1867 953 1941 Porioi
975 1869 1039 1940 hoo
1062 1869 1188 1940 saeoalo
1214 1881 1294 1940 root

242 1989 369 2084 parati
392 1990 454 2063 &a
482 2014 569 2087 ergo
593 1990 709 2064 Pauci
734 1992 798 2063 hoo
823 1990 950 2063 toeoaio
976 2001 1056 2062 root
1081 1989 1177 2062 Boni
1203 1989 1294 2063 Pat-

248 2121 351 2183 toret.
414 2111 537 2208 Hujus
567 2112 753 2186 conclusio
784 2112 974 2210 perspicue
1005 2111 1093 2185 dicit
1124 2113 1217 2207 (non
1246 2112 1292 2185 de

246 2233 383 2330 paucis,
409 2235 510 2330 quod
540 2243 627 2308 sunt
657 2236 753 2309 Boni
784 2237 965 2322 Pastores
995 2235 1076 2330 sed)
1103 2235 1149 2308 de
1179 2236 1292 2310 Bonis

248 2354 469 2445 Pastoribus,
492 2358 594 2455 quod
619 2367 706 2432 sunt
731 2358 803 2432 hoc
828 2358 964 2432 saeculo
990 2359 1108 2455 pauci.
1167 2359 1291 2439 Quare

249 2477 370 2576 Major
403 2482 580 2556 terminus
610 2493 666 2555 est
695 2483 760 2556 hoo
789 2483 914 2556 soecolo
942 2482 1064 2576 pauci,
1094 2489 1132 2554 et
1166 2482 1292 2555 Minor

245 2599 343 2675 Boni
380 2602 559 2678 Pastoris.
629 2605 728 2701 Ergo
773 2605 898 2677 Minor
941 2602 1159 2700 Propositio,
1194 2604 1291 2678 Boai

245 2722 413 2798 Pastoret
450 2739 530 2799 root
569 2727 695 2821 parati
729 2727 790 2798 tic.
834 2734 872 2798 et
912 2724 1060 2797 Medius
1099 2725 1289 2810 terminus,

236 2846 363 2942 parati
380 2848 531 2920 animam
544 2872 675 2943 ponere
685 2873 756 2944 pro
774 2847 901 2920 ooibar.
942 2845 1182 2941 Syllogismus
1200 2871 1287 2920 vero

242 2964 302 3040 hic
327 2976 394 3055 est,
416 2969 487 3053 Qui
506 2969 632 3064 parati
654 2980 735 3042 rant
758 2968 910 3041 animam
927 2993 1060 3063 ponera
1078 2994 1147 3064 pro
1171 2970 1288 3043 coibas

242 3103 323 3164 sant
339 3092 403 3164 ltoo
419 3093 544 3166 soeoalo
562 3094 692 3189 panai:
720 3092 793 3178 Qut
810 3104 891 3165 auat
908 3092 1005 3165 Boni
1021 3092 1189 3167 Pastorer
1208 3107 1288 3167 sant

235 3214 363 3310 parati
392 3215 545 3288 animam
569 3239 700 3311 ponere
723 3238 793 3311 pro
825 3214 965 3288 ovibus:
1004 3238 1091 3312 ergo
1118 3216 1178 3312 pai
1206 3227 1288 3288 root

241 3337 338 3411 Boai
354 3337 523 3413 Pastores
539 3350 619 3413 sant
634 3337 698 3412 lroo
715 3338 841 3410 oaeoalo
853 3337 963 3436 pauci
973 3346 998 3409 ⁷.

280 3572 292 3608 ³
311 3563 379 3622 Hoc
392 3564 489 3622 saoaio
499 3565 595 3638 pauci.
621 3561 771 3621 Aldrich's
784 3562 916 3620 solution
928 3562 955 3620 is
966 3562 1140 3621 untenable.
1168 3572 1184 3597 ¹⁸
1195 3563 1283 3622 Few'’

239 3657 266 3715 is
286 3664 342 3715 not
361 3659 536 3734 predicated
555 3660 764 3734 turritanam,
782 3659 839 3717 but
856 3659 1029 3734 ooiiocnoaly.
1070 3659 1162 3716 From
1183 3659 1281 3718 “nise

239 3773 311 3814 men
336 3775 385 3815 are
411 3757 495 3826 few,”
519 3775 562 3815 we
587 3763 700 3815 cannot
724 3755 811 3824 infer,
837 3765 854 3789 ‘¹
869 3754 1007 3814 Socrates
1032 3757 1058 3814 is
1082 3755 1164 3814 few.''
1213 3755 1280 3814 The

238 3852 404 3930 syllogism‚
419 3853 577 3923 therefore,
593 3873 625 3912 os
638 3855 728 3912 stated
747 3855 781 3928 by
794 3853 923 3920 Alarici,
938 3851 1079 3909 becomes
1097 3869 1114 3909 a
1130 3850 1237 3926 fallaoy
1250 3850 1285 3909 of

238 3948 385 4017 divisium
412 3950 538 4027 though,
560 3950 649 4008 when
670 3947 769 4007 tested
789 3946 828 4023 by
850 3963 991 4003 common
1013 3961 1111 4010 sense,
1133 3944 1157 4000 it
1177 3944 1204 4001 is
1224 3962 1278 4002 un·

238 4044 450 4120 questionably
463 4044 551 4102 valid.
595 4043 663 4101 The
678 4040 855 4117 PortRoyal
873 4038 1035 4116 Logicians
1050 4039 1212 4097 substitute
1231 4037 1278 4097 for

236 4141 290 4198 the
309 4141 410 4199 minor
429 4138 571 4216 promise,
585 4140 675 4198 Multi
687 4138 820 4197 Pacoro
834 4138 885 4194 hoo
900 4136 997 4193 rocula
1016 4154 1074 4192 oon
1091 4144 1156 4192 sant
1169 4137 1277 4209 parati,

237 4236 284 4297 ao.
298 4237 398 4295 which
412 4236 438 4294 is
451 4237 583 4312 perhaps
598 4237 649 4294 the
664 4240 746 4293 most
759 4231 946 4307 satisfactory
959 4249 1022 4308 way
1035 4231 1070 4289 of
1082 4231 1214 4309 treating
1226 4233 1278 4291 the

753 4362 777 4410 n
