3052 5122
640 448 869 503 nobiliumn.

663 836 771 908 CAP.
800 834 852 908 II.

419 1007 479 1079 De
496 1005 742 1102 Propositione
762 1007 976 1104 Categoriea
987 1030 1093 1103 para.
1113 1056 1116 1061 -

288 1199 321 1294 ᾗ.
346 1199 374 1272 l.
393 1199 567 1272 Securum
586 1200 673 1272 Pars
692 1200 839 1295 Logicae
858 1200 933 1295 agit
950 1200 995 1272 de
1013 1202 1278 1296 propositione·

237 1322 311 1395 sive
324 1323 604 1406 Eauntiotioae;
629 1322 730 1419 quod
747 1330 804 1395 est
825 1323 969 1418 signum
995 1324 1167 1396 secundae
1193 1349 1279 1421 ope-

237 1443 387 1516 rationis
418 1444 645 1530 Intellectus,
670 1444 743 1517 sive
770 1442 957 1516 iudicium
989 1445 1107 1516 verbis
1134 1469 1279 1542 expres-

238 1589 330 1638 sum.

289 1685 426 1772 Quare,
443 1685 489 1757 ad
509 1686 797 1781 propositionem
815 1686 1015 1782 legitimam
1033 1689 1238 1782 requiritur.

292 1810 323 1879 1.
351 1807 484 1888 Quoad
517 1831 659 1893 vocem,
685 1817 727 1880 ut
748 1809 806 1880 'sit
841 1808 967 1882 Oratio
1003 1807 1203 1904 affirmonrb
1227 1812 1440 1883 belnensis.

239 1953 383 2026 negans,
400 1954 483 2024 quae
501 1938 557 2001 est
574 1930 652 2026 ejus
670 1932 827 2003 essentia.

289 2053 323 2126 2.
351 2052 485 2134 Quoad
502 2076 663 2139 sensum,
679 2063 722 2126 ut
739 2079 857 2127 oerum
874 2043 930 2126 vel
938 2054 1079 2148 salsum
1095 2055 1280 2152 agapioet,
1293 2082 1441 2133 aeratas.

241 2179 295 2273 (id
313 2178 388 2251 scil.
407 2179 506 2274 quod
524 2202 582 2251 res
599 2188 668 2265 est,
687 2180 744 2252 vel
762 2203 879 2266 secus,
896 2180 1023 2274 dicat)
1042 2181 1143 2275 quod
1160 2205 1282 2254 essen-

278 2407 288 2430 ·
303 2405 320 2428 “
329 2395 389 2454 Sed
399 2413 468 2453 eum
478 2397 663 2454 disseramus
673 2396 710 2455 de
719 2397 873 2465 Oratione,
881 2397 968 2474 eujus
976 2399 1066 2456 variae
1073 2399 1189 2473 speeies
1199 2406 1279 2467 sunt,

242 2533 313 2548 ......
319 2497 366 2547 est
379 2508 441 2547 una
455 2491 534 2547 inter
553 2491 609 2548 has
626 2490 663 2548 ad
678 2491 868 2565 propositum
883 2492 1052 2566 potissima,
1068 2510 1135 2566 quae
1149 2511 1280 2566 pronun·

239 2586 355 2643 oiabilis
368 2585 544 2659 appellatur,
558 2586 728 2644 absolutam
738 2587 923 2644 sententiam
935 2587 1206 2661 comprehendens,
1217 2589 1282 2646 sola

236 2699 275 2738 ex
288 2682 431 2739 omnibus
446 2682 564 2739 veritati
578 2690 631 2740 aut
645 2682 770 2740 falsitati
785 2683 931 2740 obnoxia:
955 2701 1046 2757 quam
1057 2690 1143 2740 vocat
1157 2683 1281 2759 Sergius

238 2777 359 2851 atatam,
374 2776 469 2833 Varro
488 2779 677 2851 proloquium,
700 2776 806 2835 Oioero
825 2779 1012 2844 mandatam,
1036 2777 1134 2835 Graeoi
1151 2778 1282 2850 protasia

238 2877 303 2928 turn
313 2873 477 2936 axiomata..
485 2872 700 2929 ...familiarius
710 2871 1121 2944 tamendioeturpropositio.”
1134 2870 1281 2943 Apuleius

238 2966 276 3024 de
290 2967 402 3043 Dogm.
414 2966 560 3032 Platonis,
573 2968 678 3024 libili.
713 2967 763 3024 He
774 2968 830 3023 has
841 2972 896 3022 not
910 2963 1135 3040 distinguished
1145 2964 1281 3022 between

237 3062 387 3132 ὀπόφανσις
400 3059 460 3116 and
478 3061 708 3134 apofasis-tha
728 3059 840 3116 former
859 3058 894 3115 ol
910 3059 1008 3115 which
1030 3059 1056 3114 is
1075 3055 1223 3114 rendered
1242 3058 1281 3134 by

239 3151 388 3209 Boethius
402 3154 572 3220 manciaria,
588 3154 640 3211 the
654 3154 745 3212 latter
753 3155 917 3227 propositio.
947 3153 1005 3211 See
1020 3151 1280 3229 Trendelenburg,

240 3247 340 3304 Elem.
356 3250 383 3326 ᾗ.
400 3250 428 3304 2.
465 3248 655 3321 “'Anopavoer
668 3266 762 3323 quum
777 3248 815 3306 ad
835 3247 1044 3324 syllogismum
1059 3248 1282 3305 instituendum

242 3348 385 3416 tanquam
399 3342 566 3417 propositio
581 3361 648 3416 quae
662 3348 785 3401 vocatur
802 3343 960 3418 praemissa
973 3343 1143 3408 adhibetur,
1156 3349 1282 3417 πρότασις

239 3439 377 3497 dieitur.'’
416 3439 487 3497 And
509 3457 545 3496 so
563 3440 709 3513 Aquinas,
733 3439 846 3515 Opuso.
866 3439 958 3496 xlviii.
980 3440 1081 3497 Treet.
1102 3438 1140 3497 de
1161 3438 1281 3496 Enuno.

239 3552 304 3609 sap.
328 3539 355 3593 1.
377 3534 573 3610 “Propositio
594 3553 666 3592 nam
688 3535 788 3593 solum
809 3534 920 3593 dieitur
941 3535 978 3593 de
999 3536 1164 3611 praemissis
1185 3535 1282 3610 ipsius

240 3632 417 3708 syllogismi,
440 3632 493 3690 sed
515 3633 689 3689 enuntiatio
711 3639 773 3689 tam
794 3631 832 3689 da
853 3632 1020 3706 praemissis
1042 3633 1191 3708 quamde
1213 3651 1280 3692 eon·

240 3726 404 3786 elusione.”
444 3729 513 3786 The
534 3727 722 3796 distinction,
737 3728 884 3795 however,
906 3728 932 3784 is
953 3735 1008 3786 not
1029 3728 1156 3804 implied
1176 3730 1209 3786 in
1229 3729 1281 3787 the

234 3821 416 3883 defiuitions
438 3823 472 3881 ol
488 3824 540 3883 the
561 3831 620 3882 two
641 3825 680 3900 by
700 3823 854 3889 Aristotle,
877 3823 914 3880 de
936 3823 997 3883 Int.
1019 3827 1046 3881 5.
1064 3826 1094 3880 d.
1114 3824 1175 3881 and
1195 3823 1282 3881 Anal.

241 3918 291 3978 Pr.
305 3920 324 3976 i.
343 3925 368 3977 1.
385 3923 411 3978 2.

282 4012 294 4044 δ
316 4015 415 4074 Oratio
438 4018 591 4093 affirmans,
607 4020 905 4090 europaeis-asyam,
924 4017 1066 4087 ἀπόφασις.
1109 4012 1211 4070 These
1232 4032 1283 4071 are

243 4109 372 4187 literally
386 4112 535 4170 rendered
553 4111 593 4187 by
606 4110 764 4186 Apuleius,
779 4111 939 4185 Propositio
954 4110 1112 4166 dedicativa
1132 4109 1194 4166 and
1208 4110 1284 4167 abde

241 4208 342 4264 sativa.
