3052 5122
112 629 186 678 Anol.
198 629 240 676 Pr.

112 694 136 742 1.
147 696 187 743 24.
200 695 223 742 1.

150 1817 190 1863 24.

117 2377 188 2427 unul.
202 2377 245 2426 Pr.

115 2444 227 2492 1.24.1.

116 3358 190 3405 Anol.
202 3359 246 3406 Pr.

117 3423 140 3471 I.
151 3425 191 3472 24.
200 3424 223 3472 3.

113 1750 188 1800 Anni.
200 1750 243 1799 Pr.

114 1817 138 1864 1.
201 1816 225 1862 4.

276 426 323 502 70
660 447 765 498 unns
785 447 921 496 nooicn

327 625 359 702 7.
389 625 587 697 Praemissis
610 624 828 719 negantibus
852 621 941 694 nihil
965 621 1162 718 probatur:
1198 616 1316 691 Affer-

275 760 335 821 tur
353 749 449 820 enim
473 748 623 819 tertium
646 748 705 820 cui
728 755 926 841 utrumque
944 756 1150 816 extremum
1169 742 1313 825 differt:

275 896 350 945 non
374 879 499 947 autem
521 871 580 944 cui
604 871 661 944 vel
684 879 881 966 utrumque
899 869 1105 954 conveniat,
1123 867 1178 941 vel
1200 889 1317 940 unum

274 994 480 1080 conveniat,
497 995 653 1066 alterum
671 992 826 1066 differat.

324 1121 359 1193 8.
385 1121 423 1193 Si
439 1120 710 1220 praemissarum
727 1119 842 1191 altera
858 1118 904 1190 sit
921 1118 1103 1213 negativa,
1120 1117 1189 1190 erit
1206 1115 1317 1188 etiam

277 1243 484 1317 Conclusio.
529 1244 626 1315 Nam
643 1242 912 1338 praemissarum
930 1227 1071 1337 reliqua
1087 1250 1144 1313 est
1160 1239 1316 1312 affirma·

274 1367 368 1440 tiva:
412 1367 512 1463 Ergo
530 1375 778 1438 extremorum
800 1388 916 1437 unum
940 1363 1061 1437 differt
1077 1362 1211 1449 medio,
1228 1362 1318 1435 altc-

274 1513 358 1563 rum
383 1490 574 1562 convenit:
610 1490 710 1584 Ergo
735 1497 902 1561 extrema
931 1487 1106 1561 differunt
1131 1487 1226 1559 inter
1253 1508 1318 1558 se:

277 1616 377 1712 Ergo
396 1615 583 1687 conclusio
601 1624 657 1686 est
669 1614 849 1710 negativa.

325 1740 360 1811 9.
389 1739 538 1823 Contra,
565 1737 593 1810 si
621 1735 819 1810 Conclusio
845 1737 891 1809 sit
917 1737 1097 1833 negativa,
1120 1735 1189 1808 erit
1208 1735 1318 1807 etiarn

275 1862 392 1935 altera
398 1862 686 1959 praemissarum.
740 1863 776 1935 N
778 1886 838 1935 am
855 1872 1021 1935 extrema
1033 1861 1207 1935 differunt
1223 1859 1319 1931 inter

276 2009 333 2058 se:
371 1986 470 2081 Ergo
498 2008 625 2056 eorum
652 2009 768 2057 unum
802 1985 974 2058 convenit
1003 1984 1137 2070 medio,
1162 1984 1318 2056 alterum

276 2107 418 2180 differt:
446 2108 544 2203 Ergo
563 2107 834 2203 praemissarum
857 2109 973 2181 altera
995 2107 1163 2193 affirmat,
1180 2107 1319 2202 reliqua

276 2241 398 2328 negat.

330 2355 387 2427 10.
406 2355 605 2427 Praemissis
616 2353 893 2450 particularibus
905 2355 995 2428 nihil
1005 2356 1193 2452 probatur.
1220 2356 1318 2427 Nam

277 2478 546 2576 praemissarum
562 2477 677 2549 altera
699 2476 871 2550 affirmat:
900 2479 999 2575 Ergo
1017 2480 1054 2551 in
1072 2478 1134 2551 illa
1158 2478 1320 2550 medium

278 2627 354 2675 non
373 2602 615 2675 distribuitur:
644 2602 743 2697 Ergo
771 2603 937 2675 distribui
960 2602 1070 2675 debet
1093 2603 1131 2674 in
1156 2602 1318 2699 reliqua:

280 2727 379 2822 Ergo
397 2726 458 2798 illa
476 2736 533 2799 est
555 2727 724 2823 negativa
746 2727 782 2799 in
802 2752 875 2824 qua
896 2727 1058 2800 medium
1077 2727 1319 2824 praedicatur:

283 2853 380 2949 Ergo
412 2852 598 2925 conclusio
626 2853 815 2948 negativa:
853 2853 952 2948 Ergo
977 2852 1218 2949 praedicatum
1243 2851 1321 2947 ejus

278 2979 517 3065 distribuitur,
531 2978 631 3075 quod
648 2978 685 3049 in
703 2977 898 3074 praenuissis
910 3001 986 3048 non
1001 2985 1055 3048 est
1066 2975 1320 3059 distributum:

278 3102 361 3174 Fuit
380 3102 478 3174 enim
500 3101 559 3173 vel
582 3101 809 3173 affirmativae
833 3098 1012 3172 terminus
1033 3087 1137 3184 alter,
1155 3098 1214 3171 vel
1238 3098 1322 3171 sub·

272 3227 414 3323 jectum
432 3227 633 3323 negativae3
660 3226 793 3299 horum
813 3250 900 3297 vero
918 3224 1041 3297 nullus
1059 3224 1296 3297 distribuitur.

332 3351 387 3423 ll.
415 3351 452 3423 Si
469 3350 739 3446 praemissarum
763 3350 878 3421 altera
903 3348 1131 3445 particularis
1157 3348 1214 3433 sit,
1236 3369 1322 3418 con-

278 3471 393 3544 clusio
420 3496 568 3567 quoque
594 3473 821 3567 particularis
848 3481 914 3545 est.
968 3472 1024 3545 Sit
1044 3473 1140 3545 enim
1167 3476 1198 3543 l.
1225 3471 1322 3542 Prae-

279 3596 471 3668 missarum
497 3596 612 3667 altera
638 3597 865 3692 particularis
891 3597 1130 3680 affinnativo3
1160 3596 1258 3690 Ergo
1284 3593 1322 3666 in

278 3717 339 3791 illa
355 3742 425 3789 nec
444 3726 650 3790 extremum
675 3743 782 3791 suum
799 3744 868 3791 neo
893 3720 1055 3792 medium
1073 3719 1322 3791 distribuitur:

281 3844 379 3940 Ergo
406 3843 567 3915 medium
594 3842 819 3916 distribuitur
853 3845 890 3915 in
924 3845 1076 3942 reliqua,
1103 3869 1187 3940 quae
1213 3845 1323 3916 etiarn

280 3967 503 4040 Universalis
527 3976 594 4052 est,
614 3967 733 4062 sitque
763 3969 794 4039 l.
813 3968 1063 4041 Affirmativa:
1091 3970 1191 4063 Ergo
1208 3969 1245 4040 in
1263 3966 1325 4039 illa

278 4089 438 4162 medium
458 4090 658 4187 subjicitur,
678 4098 715 4162 et
737 4098 941 4162 extremum
968 4090 1089 4162 medio
1108 4089 1324 4163 attributum

279 4236 353 4284 non
379 4213 625 4285 distribuitur:
655 4215 753 4310 Ergo
779 4223 949 4285 neutrum
978 4222 1228 4288 extremorum
1255 4212 1326 4284 dis-
