3052 5122
288 419 337 492 30
679 442 783 492 nnrrs
802 444 938 494 toarcis

288 625 466 714 perpetua
514 618 759 691 abstractione
808 618 1055 712 colliguntur3
1107 625 1150 688 ut
1199 617 1331 702 Homo,

289 741 447 826 Animal,
497 741 631 826 Vivens,
676 741 825 837 Corpus,
868 740 1102 814 Substantia:
1153 764 1237 836 quae
1284 763 1332 822 ex

289 862 448 949 Socrate,
483 863 634 936 Platone
669 866 730 937 bc.
765 865 978 962 expurgatis
1014 864 1189 937 continue
1228 864 1333 936 diffe-

287 987 413 1058 rentiis
431 987 608 1059 oriuntur.

339 1111 467 1207 [Hanc
498 1113 626 1184 seriem
657 1113 710 1185 ita
737 1113 875 1210 placuit
902 1114 1057 1186 describi
1084 1124 1127 1186 ut
1156 1114 1333 1210 quodam·

286 1235 397 1307 modo
423 1236 574 1308 referret
603 1237 790 1310 arborem:
826 1236 955 1323 saltem
998 1262 1020 1309 a
1046 1237 1250 1334 Porphyrio
1280 1238 1331 1310 sic

286 1357 468 1456 descripta
512 1359 771 1458 Porphyrinaoe
811 1361 984 1434 Ανὸονὶεο
1024 1384 1161 1432 nomen
1208 1360 1331 1434 habet.

250 1475 251 1478 ¹
287 1481 410 1578 Hujus
445 1496 602 1556 truncum
644 1483 824 1557 referebat
865 1484 957 1557 linea
1000 1485 1147 1570 directo,
1179 1485 1216 1556 in
1259 1509 1332 1581 qua

286 1607 432 1679 Genera
445 1616 483 1680 et
500 1609 646 1705 Species
663 1609 931 1682 scribebantur:
959 1609 995 1680 in
1010 1633 1171 1705 suprema
1189 1609 1332 1682 Tabula
1384 1647 1386 1653 v

286 1731 412 1803 Genus
447 1756 646 1818 summum,
677 1733 716 1804 in
751 1733 821 1804 imo
862 1732 1009 1829 Species
1044 1731 1191 1804 infima:
1232 1732 1331 1806 unde

287 1852 458 1926 Nomina
536 1855 639 1927 Inter
683 1854 764 1928 haec
813 1856 939 1928 Media
985 1854 1215 1940 Subalterna,
1263 1879 1330 1928 suo

286 1976 424 2049 ordine.

337 2099 563 2172 Differentiae
598 2099 767 2173 adlatus
801 2110 887 2174 sunt
921 2100 1129 2197 dispositae3
1165 2100 1213 2173 ad
1239 2125 1331 2197 quas

286 2222 409 2294 ductae
445 2208 706 2294 a'Generibus
741 2223 814 2295 suis
848 2223 955 2296 lin'eae
988 2224 1183 2296 Remorum
1217 2223 1331 2296 instar

285 2344 529 2441 pertinebant.
584 2344 778 2417 Individua
802 2346 869 2416 sub
894 2346 1014 2442 specie
1038 2345 1165 2418 infima
1183 2348 1331 2444 oblique

288 2468 470 2564 descripta
487 2476 585 2554 sunt,
603 2469 705 2564 quasi
723 2469 940 2566 propagines
958 2467 1135 2564 ardicis]

329 2698 340 2726 ⁰
361 2686 407 2762 By
427 2687 480 2743 the
503 2687 604 2744 Greek
624 2686 788 2763 Logicians
815 2688 840 2744 it
862 2703 922 2744 was
951 2686 1127 2744 sometimes
1155 2686 1251 2744 called
1279 2688 1331 2744 the

288 2784 388 2841 ladder
401 2783 516 2863 (κλίμαξ)
529 2783 564 2841 of
574 2783 737 2860 Porphyry.
