3052 5122
572 465 766 516 urrunnu.
1122 443 1191 517 149

153 637 258 723 Quod
292 667 361 715 nore
399 642 546 714 amisisti
583 641 688 714 debes
727 641 789 713 dcc.
841 641 937 720 Quae
971 649 1028 715 est
1057 642 1190 715 Peritio

148 763 323 862 Principii
329 793 344 849 ;
370 788 455 838 nam
473 764 647 861 supponit
664 764 719 836 Te
737 785 877 835 cornua
893 763 1073 839 habuisse.

197 888 428 986 Ineptissima
446 889 527 963 haec
553 889 711 963 Fallacia
732 890 814 987 plus
841 889 1017 963 acuminis
1042 888 1190 985 praefert

141 1010 251 1107 juxta
284 1021 446 1087 veterem
481 1013 700 1111 Disputandi
729 1013 881 1087 modum
916 1011 1080 1108 rogando
1107 1036 1191 1109 pro-

145 1139 274 1236 posita.
326 1140 406 1213 Erit
428 1140 526 1213 enim
547 1138 712 1226 fortasse,
730 1139 793 1235 qui
815 1146 976 1235 rogatus,
998 1138 1103 1224 Quod
1121 1164 1189 1211 non

146 1263 313 1350 omiserit,
342 1275 460 1336 utrum
489 1263 616 1337 debeat
644 1267 783 1336 necne?
828 1286 902 1334 non
937 1261 1115 1358 intelligat
1149 1285 1188 1334 se

146 1397 295 1484 captum
317 1387 372 1474 iri,
398 1387 427 1460 si
451 1386 661 1483 simpliciter
684 1385 922 1482 respondeat;
955 1386 1029 1457 sive
1052 1384 1187 1457 habere

146 1532 198 1594 se,
232 1509 308 1583 sive
343 1532 419 1582 non
458 1509 594 1582 habere
634 1507 743 1580 dicat.
808 1508 905 1580 Nam
947 1531 1032 1580 eum
1067 1506 1188 1604 adiget

145 1629 329 1727 Sophista,
347 1640 390 1704 ut
406 1632 465 1705 vel
488 1656 527 1704 se
544 1630 679 1704 habere
699 1630 859 1716 Cornua,
877 1630 934 1705 vel
958 1654 1032 1703 non
1051 1630 1187 1705 habere

146 1756 284 1830 Oculos
300 1756 468 1830 fateatur.

197 1881 254 1952 ll.
280 1881 423 1953 Acutus
448 1879 515 1953 sibi
544 1879 736 1953 videbatur
764 1878 1007 1952 Menedemus
1034 1878 1188 1972 (Eretri-

144 2005 239 2078 ensis
265 2005 339 2079 scil.
368 2030 477 2102 quem
504 1997 791 2102 ἐρωτικώτατον
816 2004 975 2103 appellat
1002 2004 1185 2099 Laertius)

145 2153 258 2226 quum
285 2130 456 2203 adhunc
492 2129 645 2203 modum
674 2138 884 2227 nugaretur.
936 2129 1186 2216 Diversum

144 2253 293 2326 Diverso
318 2252 505 2326 Diversum
539 2266 591 2327 est
603 2281 618 2337 ;
653 2254 825 2327 Prodesse
854 2264 906 2327 est
941 2253 1091 2325 aBono
1117 2251 1187 2325 Di-

148 2401 306 2460 uersum
341 2376 515 2450 Prodesse
548 2378 661 2475 igitur
694 2403 763 2452 non
789 2390 841 2451 est
870 2378 1010 2449 Bonum
1020 2373 1038 2448 ¹.
1090 2376 1185 2455 Quae

141 2507 198 2572 est
224 2524 344 2576 crassa
378 2509 417 2573 et
449 2500 577 2599 putida
610 2500 878 2600 AEquivoedti03
917 2508 954 2573 et
989 2498 1078 2574 nihil
1112 2521 1187 2574 am·

141 2621 245 2718 plius.

192 2870 225 2964 ᾗ.
245 2870 278 2941 8.
300 2870 357 2942 12.
377 2871 639 2943 Cnoconrnusm
657 2895 679 2943 a
697 2872 904 2968 Chrysippo
921 2872 1104 2959 inventus,
1122 2872 1186 2967 qui

141 2989 187 3062 ad
224 2990 419 3064 Fallaciam
454 2993 721 3088 Consequentis
757 2994 920 3067 revocari
953 2994 1100 3091 poterit,
1133 2997 1183 3069 sic

139 3115 367 3212 proponitur.
420 3117 651 3214 Surripueret
668 3119 836 3213 insontem
854 3120 1058 3192 Crocodilus
1064 3147 1079 3204 ;
1105 3122 1184 3194 red-

139 3238 293 3310 diturum
326 3262 375 3325 oe,
399 3238 466 3312 lroc
501 3242 579 3337 lege
605 3242 801 3338 pollicitus,
826 3254 865 3314 dt
899 3242 1027 3314 divinet
1057 3254 1183 3332 meter,

138 3375 256 3438 utrum
282 3365 380 3459 apud
399 3388 435 3437 se
459 3366 603 3439 reddere
623 3391 670 3439 on
695 3392 763 3442 non
787 3367 932 3440 reddere
954 3367 1181 3442 constituerit.

140 3486 178 3561 Si
196 3486 295 3560 dicat
311 3495 428 3561 mater
445 3488 531 3562 Non
547 3491 717 3574 reddere‚·
742 3490 941 3562 mentietur
958 3490 987 3563 si
1003 3490 1181 3564 infantem

136 3610 333 3707 receperitt
360 3610 398 3683 Si
423 3611 520 3684 dicat
543 3614 713 3697 reddere‚·
740 3637 814 3685 non
841 3612 970 3686 reddet
997 3613 1179 3708 quiahoc

138 3739 194 3804 est
218 3731 360 3807 falsum.
426 3734 675 3813 Quamobrem
717 3733 944 3831 Chrysippus
980 3733 1070 3806 nihil
1101 3759 1180 3808 esse

137 3862 241 3950 putat
268 3855 447 3930 difficilius
472 3882 582 3954 quam
607 3881 823 3955 responsum
845 3857 953 3929 matri
974 3879 1178 3953 suggerere.

176 4036 183 4070 ¹
202 4034 292 4111 Diog.
308 4035 409 4094 Laert.
423 4037 455 4095 ii.
472 4041 538 4096 134.

174 4139 191 4162 ¹²¹
212 4131 287 4189 This
299 4132 421 4209 Fallacy
431 4133 458 4192 is
469 4135 557 4212 given
570 4142 600 4194 at
610 4135 719 4212 length
727 4134 767 4210 by
779 4133 904 4200 Luciam,
916 4131 976 4191 vit.
989 4131 1075 4190 Aust.
1089 4136 1116 4212 ξ.
1129 4137 1175 4192 22.
