<?xml version="1.0" encoding="UTF-8"?>
<!DOCTYPE html PUBLIC "-//W3C//DTD XHTML 1.0 Transitional//EN"
    "http://www.w3.org/TR/xhtml1/DTD/xhtml1-transitional.dtd">
<html xmlns="http://www.w3.org/1999/xhtml" xml:lang="en" lang="en">
 <head>
  <title>
</title>
<meta http-equiv="Content-Type" content="text/html;charset=utf-8" />
  <meta name='ocr-system' content='tesseract 3.04.00' />
  <meta name='ocr-capabilities' content='ocr_page ocr_carea ocr_par ocr_line ocrx_word'/>
</head>
<body>
  <div class='ocr_page' id='page_1' title='image "./artislogicaerud00aldrgoog_0202.png"; bbox 0 0 3052 5122; ppageno 0'>
   <div class='ocr_carea' id='block_1_1' title="bbox 562 409 1177 486">
    <p class='ocr_par' dir='ltr' id='par_1_1' title="bbox 562 409 1177 486">
     <span class='ocr_line' id='line_1_1' title="bbox 562 409 1177 486; baseline -0.01 0"><span class='ocrx_word' id='word_1_1' title='bbox 562 435 754 486; x_wconf 72' lang='lat' dir='ltr'><strong>urrunnun</strong></span> <span class='ocrx_word' id='word_1_2' title='bbox 1109 409 1177 481; x_wconf 76' lang='lat'><strong>145</strong></span> 
     </span>
    </p>
   </div>
   <div class='ocr_carea' id='block_1_2' title="bbox 126 606 1179 2311">
    <p class='ocr_par' dir='ltr' id='par_1_2' title="bbox 126 606 1179 2311">
     <span class='ocr_line' id='line_1_2' title="bbox 134 606 1177 703; baseline -0.001 -24"><span class='ocrx_word' id='word_1_3' title='bbox 134 608 292 682; x_wconf 87' lang='lat' dir='ltr'><strong>Primam</strong></span> <span class='ocrx_word' id='word_1_4' title='bbox 323 611 454 684; x_wconf 89' lang='lat' dir='ltr'>exinde</span> <span class='ocrx_word' id='word_1_5' title='bbox 482 611 584 683; x_wconf 91' lang='lat' dir='ltr'><strong>litem</strong></span> <span class='ocrx_word' id='word_1_6' title='bbox 616 635 701 684; x_wconf 92' lang='lat' dir='ltr'><strong>cum</strong></span> <span class='ocrx_word' id='word_1_7' title='bbox 732 606 922 703; x_wconf 90' lang='lat' dir='ltr'><strong>Discipulo</strong></span> <span class='ocrx_word' id='word_1_8' title='bbox 950 613 1177 678; x_wconf 83' lang='lat' dir='ltr'><strong>contestatus</strong></span> 
     </span>
     <span class='ocr_line' id='line_1_3' title="bbox 136 728 1174 827; baseline -0.003 -25"><span class='ocrx_word' id='word_1_9' title='bbox 136 738 191 802; x_wconf 91' lang='lat' dir='ltr'><strong>est</strong></span> <span class='ocrx_word' id='word_1_10' title='bbox 209 732 397 827; x_wconf 85' lang='lat' dir='ltr'><strong>Magister,</strong></span> <span class='ocrx_word' id='word_1_11' title='bbox 415 759 499 807; x_wconf 93' lang='lat' dir='ltr'><strong>cum</strong></span> <span class='ocrx_word' id='word_1_12' title='bbox 517 733 696 806; x_wconf 88' lang='lat' dir='ltr'><strong>mercedis</strong></span> <span class='ocrx_word' id='word_1_13' title='bbox 713 732 894 827; x_wconf 89' lang='lat' dir='ltr'><strong>reliquum</strong></span> <span class='ocrx_word' id='word_1_14' title='bbox 912 728 993 825; x_wconf 91' lang='lat' dir='ltr'><strong>lege</strong></span> <span class='ocrx_word' id='word_1_15' title='bbox 1011 737 1174 824; x_wconf 83' lang='lat' dir='ltr'><strong>peteret3</strong></span> 
     </span>
     <span class='ocr_line' id='line_1_4' title="bbox 134 851 1175 952; baseline -0.004 -25"><span class='ocrx_word' id='word_1_16' title='bbox 134 856 231 951; x_wconf 90' lang='lat' dir='ltr'><strong>apud</strong></span> <span class='ocrx_word' id='word_1_17' title='bbox 249 857 271 928; x_wconf 87' lang='lat' dir='ltr'>J</span> <span class='ocrx_word' id='word_1_18' title='bbox 273 858 398 930; x_wconf 90' lang='lat' dir='ltr'><strong>udices</strong></span> <span class='ocrx_word' id='word_1_19' title='bbox 415 882 501 932; x_wconf 86' lang='lat' dir='ltr'><strong>vero</strong></span> <span class='ocrx_word' id='word_1_20' title='bbox 520 858 571 930; x_wconf 90' lang='lat' dir='ltr'><strong>sic</strong></span> <span class='ocrx_word' id='word_1_21' title='bbox 590 857 743 952; x_wconf 90' lang='lat' dir='ltr'><strong>agebat:</strong></span> <span class='ocrx_word' id='word_1_22' title='bbox 771 855 856 950; x_wconf 86' lang='lat' dir='ltr'><strong>Ego</strong></span> <span class='ocrx_word' id='word_1_23' title='bbox 873 852 904 925; x_wconf 81' lang='lat' dir='ltr'><strong>si</strong></span> <span class='ocrx_word' id='word_1_24' title='bbox 921 852 1045 937; x_wconf 83' lang='lat' dir='ltr'><strong>cicero,</strong></span> <span class='ocrx_word' id='word_1_25' title='bbox 1065 851 1175 936; x_wconf 81' lang='lat' dir='ltr'><strong>Tisia,</strong></span> 
     </span>
     <span class='ocr_line' id='line_1_5' title="bbox 139 976 1177 1071; baseline -0.004 -22"><span class='ocrx_word' id='word_1_26' title='bbox 139 977 193 1049; x_wconf 86' lang='lat' dir='ltr'><strong>Ta</strong></span> <span class='ocrx_word' id='word_1_27' title='bbox 210 981 319 1053; x_wconf 81' lang='lat' dir='ltr'><strong>solves</strong></span> <span class='ocrx_word' id='word_1_28' title='bbox 336 1006 380 1052; x_wconf 80' lang='lat' dir='ltr'><strong>ea</strong></span> <span class='ocrx_word' id='word_1_29' title='bbox 396 980 578 1065; x_wconf 81' lang='lat' dir='ltr'><strong>sententia,</strong></span> <span class='ocrx_word' id='word_1_30' title='bbox 595 979 649 1051; x_wconf 81' lang='lat' dir='ltr'><strong>sia</strong></span> <span class='ocrx_word' id='word_1_31' title='bbox 672 976 795 1062; x_wconf 83' lang='lat' dir='ltr'><strong>minus,</strong></span> <span class='ocrx_word' id='word_1_32' title='bbox 812 1001 857 1048; x_wconf 74' lang='lat' dir='ltr'><strong>cc</strong></span> <span class='ocrx_word' id='word_1_33' title='bbox 874 987 982 1071; x_wconf 81' lang='lat' dir='ltr'><strong>pacto</strong></span> <span class='ocrx_word' id='word_1_34' title='bbox 990 1002 1005 1058; x_wconf 90' lang='lat'><em>;</em></span> <span class='ocrx_word' id='word_1_35' title='bbox 1032 985 1177 1070; x_wconf 79' lang='lat' dir='ltr'><strong>atroque</strong></span> 
     </span>
     <span class='ocr_line' id='line_1_6' title="bbox 132 1097 1175 1198; baseline -0.002 -27"><span class='ocrx_word' id='word_1_36' title='bbox 132 1100 244 1198; x_wconf 82' lang='lat' dir='ltr'><strong>igitur</strong></span> <span class='ocrx_word' id='word_1_37' title='bbox 261 1103 361 1176; x_wconf 86' lang='lat' dir='ltr'><strong>modo</strong></span> <span class='ocrx_word' id='word_1_38' title='bbox 384 1105 581 1176; x_wconf 82' lang='lat' dir='ltr'><strong>soluendum</strong></span> <span class='ocrx_word' id='word_1_39' title='bbox 604 1111 666 1173; x_wconf 82' lang='lat' dir='ltr'><strong>est.</strong></span> <span class='ocrx_word' id='word_1_40' title='bbox 720 1097 925 1195; x_wconf 90' lang='lat' dir='ltr'><strong>Respondit</strong></span> <span class='ocrx_word' id='word_1_41' title='bbox 943 1097 1072 1183; x_wconf 87' lang='lat' dir='ltr'><strong>Tisias,</strong></span> <span class='ocrx_word' id='word_1_42' title='bbox 1089 1097 1175 1194; x_wconf 85' lang='lat' dir='ltr'><strong>Ego</strong></span> 
     </span>
     <span class='ocr_line' id='line_1_7' title="bbox 133 1222 1176 1319; baseline -0.004 -23"><span class='ocrx_word' id='word_1_43' title='bbox 133 1225 223 1297; x_wconf 78' lang='lat' dir='ltr'><strong>nibil</strong></span> <span class='ocrx_word' id='word_1_44' title='bbox 244 1229 360 1312; x_wconf 61' lang='lat' dir='ltr'><strong>solum</strong></span> <span class='ocrx_word' id='word_1_45' title='bbox 393 1228 447 1299; x_wconf 86' lang='lat' dir='ltr'><strong>Ta</strong></span> <span class='ocrx_word' id='word_1_46' title='bbox 471 1229 502 1300; x_wconf 81' lang='lat' dir='ltr'><strong>si</strong></span> <span class='ocrx_word' id='word_1_47' title='bbox 527 1227 660 1312; x_wconf 80' lang='lat' dir='ltr'><strong>ciceris,</strong></span> <span class='ocrx_word' id='word_1_48' title='bbox 684 1250 728 1296; x_wconf 77' lang='lat' dir='ltr'><strong>ex</strong></span> <span class='ocrx_word' id='word_1_49' title='bbox 748 1235 877 1319; x_wconf 64' lang='lat' dir='ltr'><strong>pacta·</strong></span> <span class='ocrx_word' id='word_1_50' title='bbox 906 1222 960 1294; x_wconf 81' lang='lat' dir='ltr'><strong>sin</strong></span> <span class='ocrx_word' id='word_1_51' title='bbox 986 1222 1107 1308; x_wconf 80' lang='lat' dir='ltr'><strong>minas,</strong></span> <span class='ocrx_word' id='word_1_52' title='bbox 1131 1247 1176 1293; x_wconf 82' lang='lat' dir='ltr'><strong>ea</strong></span> 
     </span>
     <span class='ocr_line' id='line_1_8' title="bbox 133 1344 1176 1445; baseline -0.003 -25"><span class='ocrx_word' id='word_1_53' title='bbox 133 1352 314 1423; x_wconf 83' lang='lat' dir='ltr'><strong>sententia.</strong></span> <span class='ocrx_word' id='word_1_54' title='bbox 367 1352 489 1424; x_wconf 91' lang='lat' dir='ltr'><strong>Tanto</strong></span> <span class='ocrx_word' id='word_1_55' title='bbox 515 1351 688 1445; x_wconf 89' lang='lat' dir='ltr'><strong>utrinque</strong></span> <span class='ocrx_word' id='word_1_56' title='bbox 714 1347 882 1420; x_wconf 88' lang='lat' dir='ltr'><strong>acumine</strong></span> <span class='ocrx_word' id='word_1_57' title='bbox 909 1344 1064 1441; x_wconf 89' lang='lat' dir='ltr'><strong>perculsi</strong></span> <span class='ocrx_word' id='word_1_58' title='bbox 1088 1345 1176 1417; x_wconf 94' lang='lat' dir='ltr'><strong>boni</strong></span> 
     </span>
     <span class='ocr_line' id='line_1_9' title="bbox 126 1457 1175 1568; baseline -0.003 -23"><span class='ocrx_word' id='word_1_59' title='bbox 126 1471 284 1568; x_wconf 69' lang='lat' dir='ltr'><strong>judices</strong></span> <span class='ocrx_word' id='word_1_60' title='bbox 302 1476 557 1549; x_wconf 86' lang='lat' dir='ltr'><strong>exclamarunt</strong></span> <span class='ocrx_word' id='word_1_61' title='bbox 587 1472 715 1546; x_wconf 86' lang='grc' dir='ltr'>Κακοῦ</span> <span class='ocrx_word' id='word_1_62' title='bbox 748 1461 921 1568; x_wconf 73' lang='grc' dir='ltr'>Κόρακος</span> <span class='ocrx_word' id='word_1_63' title='bbox 950 1459 1063 1543; x_wconf 80' lang='grc' dir='ltr'>κακὸν</span> <span class='ocrx_word' id='word_1_64' title='bbox 1091 1457 1175 1561; x_wconf 77' lang='lat' dir='ltr'><strong>dcv,</strong></span> 
     </span>
     <span class='ocr_line' id='line_1_10' title="bbox 135 1595 1041 1695; baseline -0.003 -27"><span class='ocrx_word' id='word_1_65' title='bbox 135 1620 356 1693; x_wconf 89' lang='lat' dir='ltr'><strong>causamque</strong></span> <span class='ocrx_word' id='word_1_66' title='bbox 374 1599 410 1670; x_wconf 94' lang='lat' dir='ltr'><strong>in</strong></span> <span class='ocrx_word' id='word_1_67' title='bbox 427 1599 681 1695; x_wconf 91' lang='lat' dir='ltr'><strong>longissimum</strong></span> <span class='ocrx_word' id='word_1_68' title='bbox 698 1598 795 1670; x_wconf 90' lang='lat' dir='ltr'><strong>diem</strong></span> <span class='ocrx_word' id='word_1_69' title='bbox 812 1595 1041 1669; x_wconf 87' lang='lat' dir='ltr'><strong>distulerunt.</strong></span> 
     </span>
     <span class='ocr_line' id='line_1_11' title="bbox 185 1718 1178 1816; baseline 0 -25"><span class='ocrx_word' id='word_1_70' title='bbox 185 1720 359 1816; x_wconf 92' lang='lat' dir='ltr'><strong>Ineptum</strong></span> <span class='ocrx_word' id='word_1_71' title='bbox 378 1729 455 1792; x_wconf 90' lang='lat' dir='ltr'><strong>erat</strong></span> <span class='ocrx_word' id='word_1_72' title='bbox 474 1721 621 1794; x_wconf 90' lang='lat' dir='ltr'><strong>Coracis</strong></span> <span class='ocrx_word' id='word_1_73' title='bbox 640 1721 822 1792; x_wconf 92' lang='lat' dir='ltr'><strong>Dilemma</strong></span> <span class='ocrx_word' id='word_1_74' title='bbox 846 1718 932 1814; x_wconf 93' lang='lat' dir='ltr'><strong>quia</strong></span> <span class='ocrx_word' id='word_1_75' title='bbox 956 1718 1077 1814; x_wconf 91' lang='lat' dir='ltr'><strong>potuit</strong></span> <span class='ocrx_word' id='word_1_76' title='bbox 1103 1727 1178 1791; x_wconf 92' lang='lat' dir='ltr'><strong>tam</strong></span> 
     </span>
     <span class='ocr_line' id='line_1_12' title="bbox 136 1841 1179 1938; baseline 0.001 -25"><span class='ocrx_word' id='word_1_77' title='bbox 136 1841 228 1914; x_wconf 91' lang='lat' dir='ltr'><strong>bene</strong></span> <span class='ocrx_word' id='word_1_78' title='bbox 247 1844 459 1938; x_wconf 90' lang='lat' dir='ltr'><strong>retorqueri.</strong></span> <span class='ocrx_word' id='word_1_79' title='bbox 513 1844 760 1917; x_wconf 88' lang='lat' dir='ltr'><strong>Nihilominus</strong></span> <span class='ocrx_word' id='word_1_80' title='bbox 779 1843 908 1915; x_wconf 87' lang='lat' dir='ltr'><strong>callide</strong></span> <span class='ocrx_word' id='word_1_81' title='bbox 927 1842 1069 1937; x_wconf 90' lang='lat' dir='ltr'><strong>agebat,</strong></span> <span class='ocrx_word' id='word_1_82' title='bbox 1091 1842 1120 1914; x_wconf 95' lang='lat' dir='ltr'><strong>si</strong></span> <span class='ocrx_word' id='word_1_83' title='bbox 1143 1842 1179 1914; x_wconf 95' lang='lat' dir='ltr'><strong>id</strong></span> 
     </span>
     <span class='ocr_line' id='line_1_13' title="bbox 137 1964 1179 2060; baseline -0.001 -24"><span class='ocrx_word' id='word_1_84' title='bbox 137 1965 286 2037; x_wconf 88' lang='lat' dir='ltr'><strong>Judices</strong></span> <span class='ocrx_word' id='word_1_85' title='bbox 319 1966 500 2039; x_wconf 90' lang='lat' dir='ltr'><strong>vidissent.</strong></span> <span class='ocrx_word' id='word_1_86' title='bbox 563 1968 660 2040; x_wconf 92' lang='lat' dir='ltr'><strong>Nam</strong></span> <span class='ocrx_word' id='word_1_87' title='bbox 695 1991 780 2040; x_wconf 93' lang='lat' dir='ltr'><strong>cum</strong></span> <span class='ocrx_word' id='word_1_88' title='bbox 815 1966 1022 2038; x_wconf 88' lang='lat' dir='ltr'><strong>mercedem</strong></span> <span class='ocrx_word' id='word_1_89' title='bbox 1057 1964 1179 2060; x_wconf 90' lang='lat' dir='ltr'><strong>inique</strong></span> 
     </span>
     <span class='ocr_line' id='line_1_14' title="bbox 135 2088 1179 2184; baseline 0.001 -26"><span class='ocrx_word' id='word_1_90' title='bbox 135 2095 289 2182; x_wconf 90' lang='lat' dir='ltr'><strong>peteret,</strong></span> <span class='ocrx_word' id='word_1_91' title='bbox 301 2113 411 2161; x_wconf 89' lang='lat' dir='ltr'><strong>causa</strong></span> <span class='ocrx_word' id='word_1_92' title='bbox 424 2090 553 2162; x_wconf 90' lang='lat' dir='ltr'><strong>cadere</strong></span> <span class='ocrx_word' id='word_1_93' title='bbox 566 2090 741 2175; x_wconf 90' lang='lat' dir='ltr'><strong>debebat;</strong></span> <span class='ocrx_word' id='word_1_94' title='bbox 761 2088 1041 2184; x_wconf 83' lang='lat' dir='ltr'><strong>Quamprimum</strong></span> <span class='ocrx_word' id='word_1_95' title='bbox 1056 2097 1179 2160; x_wconf 92' lang='lat' dir='ltr'><strong>autem</strong></span> 
     </span>
     <span class='ocr_line' id='line_1_15' title="bbox 136 2211 968 2311; baseline 0.002 -30"><span class='ocrx_word' id='word_1_96' title='bbox 136 2211 336 2300; x_wconf 89' lang='lat' dir='ltr'><strong>cecidisset,</strong></span> <span class='ocrx_word' id='word_1_97' title='bbox 355 2214 388 2286; x_wconf 89' lang='lat' dir='ltr'><strong>ei</strong></span> <span class='ocrx_word' id='word_1_98' title='bbox 406 2237 545 2286; x_wconf 89' lang='lat' dir='ltr'><strong>merces</strong></span> <span class='ocrx_word' id='word_1_99' title='bbox 563 2239 610 2286; x_wconf 86' lang='lat' dir='ltr'><strong>ex</strong></span> <span class='ocrx_word' id='word_1_100' title='bbox 627 2222 737 2311; x_wconf 89' lang='lat' dir='ltr'><strong>pacto</strong></span> <span class='ocrx_word' id='word_1_101' title='bbox 756 2213 968 2286; x_wconf 89' lang='lat' dir='ltr'><strong>debebatur.</strong></span> 
     </span>
    </p>
   </div>
   <div class='ocr_carea' id='block_1_3' title="bbox 188 2451 1270 2559">
    <p class='ocr_par' dir='ltr' id='par_1_3' title="bbox 188 2451 1270 2559">
     <span class='ocr_line' id='line_1_16' title="bbox 188 2451 1270 2559; baseline -0.007 -23"><span class='ocrx_word' id='word_1_102' title='bbox 188 2462 220 2556; x_wconf 60' lang='grc' dir='ltr'><strong>ᾗ.</strong></span> <span class='ocrx_word' id='word_1_103' title='bbox 240 2463 275 2535; x_wconf 89' lang='grc'><strong>6.</strong></span> <span class='ocrx_word' id='word_1_104' title='bbox 304 2464 337 2534; x_wconf 85' lang='lat'><strong>4.</strong></span> <span class='ocrx_word' id='word_1_105' title='bbox 358 2464 557 2538; x_wconf 79' lang='lat' dir='ltr'><strong>Msnrruus</strong></span> <span class='ocrx_word' id='word_1_106' title='bbox 580 2489 664 2559; x_wconf 87' lang='lat' dir='ltr'><strong>quae</strong></span> <span class='ocrx_word' id='word_1_107' title='bbox 685 2472 740 2536; x_wconf 91' lang='lat' dir='ltr'><strong>est</strong></span> <span class='ocrx_word' id='word_1_108' title='bbox 759 2464 888 2536; x_wconf 87' lang='lat' dir='ltr'><strong>Graece</strong></span> <span class='ocrx_word' id='word_1_109' title='bbox 908 2451 1164 2554; x_wconf 72' lang='grc' dir='ltr'><strong>Ψευδόμενος(1</strong></span> <span class='ocrx_word' id='word_1_110' title='bbox 1192 2464 1270 2528; x_wconf 80' lang='lat' dir='ltr'><strong>s0pn.</strong></span> 
     </span>
    </p>
   </div>
   <div class='ocr_carea' id='block_1_4' title="bbox 1165 2515 1299 2581">
    <p class='ocr_par' dir='ltr' id='par_1_4' title="bbox 1165 2515 1299 2581">
     <span class='ocr_line' id='line_1_17' title="bbox 1165 2515 1299 2581; baseline -0.037 0"><span class='ocrx_word' id='word_1_111' title='bbox 1165 2515 1176 2552; x_wconf 85' lang='lat'>&#39;</span> <span class='ocrx_word' id='word_1_112' title='bbox 1191 2528 1299 2581; x_wconf 88' lang='lat' dir='ltr'><strong>Elench.</strong></span> 
     </span>
    </p>
   </div>
   <div class='ocr_carea' id='block_1_5' title="bbox 137 2584 1321 2710">
    <p class='ocr_par' dir='ltr' id='par_1_5' title="bbox 137 2584 1321 2710">
     <span class='ocr_line' id='line_1_18' title="bbox 137 2584 1321 2710; baseline 0.005 -55"><span class='ocrx_word' id='word_1_113' title='bbox 137 2584 329 2683; x_wconf 90' lang='lat' dir='ltr'><strong>Chrysippi</strong></span> <span class='ocrx_word' id='word_1_114' title='bbox 353 2588 592 2685; x_wconf 89' lang='lat' dir='ltr'><strong>Syllogismus</strong></span> <span class='ocrx_word' id='word_1_115' title='bbox 615 2614 662 2661; x_wconf 92' lang='lat' dir='ltr'><strong>ne</strong></span> <span class='ocrx_word' id='word_1_116' title='bbox 686 2588 831 2684; x_wconf 88' lang='lat' dir='ltr'><strong>abipso</strong></span> <span class='ocrx_word' id='word_1_117' title='bbox 854 2588 1001 2683; x_wconf 91' lang='lat' dir='ltr'><strong>quidem</strong></span> <span class='ocrx_word' id='word_1_118' title='bbox 1025 2589 1179 2673; x_wconf 87' lang='lat' dir='ltr'><strong>solutus,</strong></span> <span class='ocrx_word' id='word_1_119' title='bbox 1190 2597 1321 2710; x_wconf 45' lang='lat' dir='ltr'><strong>{bima</strong></span> 
     </span>
    </p>
   </div>
   <div class='ocr_carea' id='block_1_6' title="bbox 135 2711 1321 3420">
    <p class='ocr_par' dir='ltr' id='par_1_6' title="bbox 135 2711 1321 3173">
     <span class='ocr_line' id='line_1_19' title="bbox 135 2711 1321 2805; baseline 0.003 -25"><span class='ocrx_word' id='word_1_120' title='bbox 135 2718 269 2805; x_wconf 90' lang='lat' dir='ltr'><strong>praeter</strong></span> <span class='ocrx_word' id='word_1_121' title='bbox 288 2720 441 2784; x_wconf 90' lang='lat' dir='ltr'><strong>caeteros</strong></span> <span class='ocrx_word' id='word_1_122' title='bbox 467 2712 666 2785; x_wconf 89' lang='lat' dir='ltr'><strong>insolubilis</strong></span> <span class='ocrx_word' id='word_1_123' title='bbox 692 2711 859 2783; x_wconf 89' lang='lat' dir='ltr'><strong>habetur.</strong></span> <span class='ocrx_word' id='word_1_124' title='bbox 912 2712 1009 2805; x_wconf 83' lang='lat' dir='ltr'><strong>Eum</strong></span> <span class='ocrx_word' id='word_1_125' title='bbox 1029 2712 1321 2783; x_wconf 69' lang='lat' dir='ltr'><strong>Cicer0⁰v11as</strong></span> 
     </span>
     <span class='ocr_line' id='line_1_20' title="bbox 136 2833 1179 2920; baseline 0.002 -16"><span class='ocrx_word' id='word_1_126' title='bbox 136 2833 185 2905; x_wconf 91' lang='lat' dir='ltr'><strong>sic</strong></span> <span class='ocrx_word' id='word_1_127' title='bbox 200 2835 385 2906; x_wconf 90' lang='lat' dir='ltr'><strong>enuntiat:</strong></span> <span class='ocrx_word' id='word_1_128' title='bbox 410 2835 452 2907; x_wconf 72' lang='lat' dir='ltr'><strong>Sl</strong></span> <span class='ocrx_word' id='word_1_129' title='bbox 466 2837 551 2909; x_wconf 80' lang='lat' dir='ltr'><strong>dicis</strong></span> <span class='ocrx_word' id='word_1_130' title='bbox 568 2837 617 2906; x_wconf 87' lang='lat' dir='ltr'><strong>Te</strong></span> <span class='ocrx_word' id='word_1_131' title='bbox 629 2835 779 2919; x_wconf 81' lang='lat' dir='ltr'><strong>mentiri,</strong></span> <span class='ocrx_word' id='word_1_132' title='bbox 793 2846 827 2906; x_wconf 84' lang='lat' dir='ltr'><strong>et</strong></span> <span class='ocrx_word' id='word_1_133' title='bbox 844 2859 960 2907; x_wconf 84' lang='lat' dir='ltr'><strong>ueram</strong></span> <span class='ocrx_word' id='word_1_134' title='bbox 978 2836 1074 2920; x_wconf 82' lang='lat' dir='ltr'><strong>dicis,</strong></span> <span class='ocrx_word' id='word_1_135' title='bbox 1088 2860 1179 2907; x_wconf 84' lang='lat' dir='ltr'><strong>men·</strong></span> 
     </span>
     <span class='ocr_line' id='line_1_21' title="bbox 136 2954 1179 3042; baseline 0.004 -18"><span class='ocrx_word' id='word_1_136' title='bbox 136 2954 235 3036; x_wconf 81' lang='lat' dir='ltr'><strong>tiris;</strong></span> <span class='ocrx_word' id='word_1_137' title='bbox 262 2954 336 3026; x_wconf 83' lang='lat' dir='ltr'><strong>Sed</strong></span> <span class='ocrx_word' id='word_1_138' title='bbox 358 2957 444 3029; x_wconf 79' lang='lat' dir='ltr'><strong>dicis</strong></span> <span class='ocrx_word' id='word_1_139' title='bbox 467 2958 516 3028; x_wconf 85' lang='lat' dir='ltr'><strong>Te</strong></span> <span class='ocrx_word' id='word_1_140' title='bbox 539 2956 688 3042; x_wconf 83' lang='lat' dir='ltr'><strong>mentiri,</strong></span> <span class='ocrx_word' id='word_1_141' title='bbox 706 2969 741 3028; x_wconf 84' lang='lat' dir='ltr'><strong>et</strong></span> <span class='ocrx_word' id='word_1_142' title='bbox 758 2981 874 3028; x_wconf 84' lang='lat' dir='ltr'><strong>ceram</strong></span> <span class='ocrx_word' id='word_1_143' title='bbox 892 2957 999 3040; x_wconf 65' lang='lat' dir='ltr'><strong>dicia·</strong></span> <span class='ocrx_word' id='word_1_144' title='bbox 1025 2957 1179 3029; x_wconf 77' lang='lat' dir='ltr'><strong>mentiris</strong></span> 
     </span>
     <span class='ocr_line' id='line_1_22' title="bbox 138 3076 261 3173; baseline 0.016 -26"><span class='ocrx_word' id='word_1_145' title='bbox 138 3076 261 3173; x_wconf 80' lang='lat' dir='ltr'><strong>igitar.</strong></span> 
     </span>
    </p>

    <p class='ocr_par' dir='ltr' id='par_1_7' title="bbox 136 3200 1180 3420">
     <span class='ocr_line' id='line_1_23' title="bbox 188 3200 1180 3298; baseline 0.002 -26"><span class='ocrx_word' id='word_1_146' title='bbox 188 3201 359 3295; x_wconf 89' lang='lat' dir='ltr'><strong>Congrue</strong></span> <span class='ocrx_word' id='word_1_147' title='bbox 376 3202 540 3297; x_wconf 88' lang='lat' dir='ltr'><strong>loquere,</strong></span> <span class='ocrx_word' id='word_1_148' title='bbox 559 3201 774 3298; x_wconf 90' lang='lat' dir='ltr'><strong>Chrysippe,</strong></span> <span class='ocrx_word' id='word_1_149' title='bbox 792 3210 829 3274; x_wconf 90' lang='lat' dir='ltr'><strong>et</strong></span> <span class='ocrx_word' id='word_1_150' title='bbox 853 3200 1031 3298; x_wconf 85' lang='lat' dir='ltr'><strong>intelliges</strong></span> <span class='ocrx_word' id='word_1_151' title='bbox 1050 3203 1104 3274; x_wconf 93' lang='lat' dir='ltr'><strong>Te</strong></span> <span class='ocrx_word' id='word_1_152' title='bbox 1121 3202 1180 3276; x_wconf 90' lang='lat' dir='ltr'><strong>vel</strong></span> 
     </span>
     <span class='ocr_line' id='line_1_24' title="bbox 136 3321 1180 3420; baseline 0.004 -26"><span class='ocrx_word' id='word_1_153' title='bbox 136 3321 226 3395; x_wconf 90' lang='lat' dir='ltr'><strong>nihil</strong></span> <span class='ocrx_word' id='word_1_154' title='bbox 243 3347 402 3420; x_wconf 88' lang='lat' dir='ltr'><strong>prorsus,</strong></span> <span class='ocrx_word' id='word_1_155' title='bbox 417 3324 475 3399; x_wconf 91' lang='lat' dir='ltr'><strong>vel</strong></span> <span class='ocrx_word' id='word_1_156' title='bbox 492 3324 582 3397; x_wconf 91' lang='lat' dir='ltr'><strong>nihil</strong></span> <span class='ocrx_word' id='word_1_157' title='bbox 599 3324 720 3398; x_wconf 88' lang='lat' dir='ltr'><strong>dicere</strong></span> <span class='ocrx_word' id='word_1_158' title='bbox 739 3324 893 3398; x_wconf 89' lang='lat' dir='ltr'><strong>difficile.</strong></span> <span class='ocrx_word' id='word_1_159' title='bbox 946 3325 1020 3405; x_wconf 84' lang='lat' dir='ltr'><strong>Qui</strong></span> <span class='ocrx_word' id='word_1_160' title='bbox 1036 3350 1074 3398; x_wconf 91' lang='lat' dir='ltr'><strong>se</strong></span> <span class='ocrx_word' id='word_1_161' title='bbox 1092 3325 1180 3399; x_wconf 90' lang='lat' dir='ltr'><strong>dicit</strong></span> 
     </span>
    </p>
   </div>
   <div class='ocr_carea' id='block_1_7' title="bbox 136 3620 1182 4269">
    <p class='ocr_par' dir='ltr' id='par_1_8' title="bbox 136 3620 1180 3888">
     <span class='ocr_line' id='line_1_25' title="bbox 175 3620 1180 3696; baseline 0.002 -19"><span class='ocrx_word' id='word_1_162' title='bbox 175 3622 189 3660; x_wconf 77' lang='lat'><strong>‘¹</strong></span> <span class='ocrx_word' id='word_1_163' title='bbox 211 3621 287 3678; x_wconf 89' lang='lat' dir='ltr'><strong>This</strong></span> <span class='ocrx_word' id='word_1_164' title='bbox 301 3621 422 3696; x_wconf 87' lang='lat' dir='ltr'><strong>Fallacy</strong></span> <span class='ocrx_word' id='word_1_165' title='bbox 437 3621 464 3678; x_wconf 87' lang='lat' dir='ltr'><strong>is</strong></span> <span class='ocrx_word' id='word_1_166' title='bbox 479 3620 642 3679; x_wconf 85' lang='lat' dir='ltr'><strong>attributed</strong></span> <span class='ocrx_word' id='word_1_167' title='bbox 661 3628 691 3678; x_wconf 91' lang='lat' dir='ltr'><strong>to</strong></span> <span class='ocrx_word' id='word_1_168' title='bbox 706 3620 877 3678; x_wconf 81' lang='lat' dir='ltr'><strong>Eubulides</strong></span> <span class='ocrx_word' id='word_1_169' title='bbox 892 3620 926 3678; x_wconf 88' lang='lat' dir='ltr'><strong>of</strong></span> <span class='ocrx_word' id='word_1_170' title='bbox 943 3621 1079 3679; x_wconf 87' lang='lat' dir='ltr'><strong>Miletus.</strong></span> <span class='ocrx_word' id='word_1_171' title='bbox 1122 3621 1180 3680; x_wconf 86' lang='lat' dir='ltr'><strong>See</strong></span> 
     </span>
     <span class='ocr_line' id='line_1_26' title="bbox 136 3715 1180 3792; baseline 0.002 -20"><span class='ocrx_word' id='word_1_172' title='bbox 136 3715 236 3775; x_wconf 87' lang='lat' dir='ltr'><strong>Laert.</strong></span> <span class='ocrx_word' id='word_1_173' title='bbox 258 3717 291 3773; x_wconf 86' lang='lat' dir='ltr'><strong>ii.</strong></span> <span class='ocrx_word' id='word_1_174' title='bbox 311 3719 377 3774; x_wconf 84' lang='grc'><strong>138.</strong></span> <span class='ocrx_word' id='word_1_175' title='bbox 418 3717 496 3773; x_wconf 90' lang='lat' dir='ltr'><strong>Itis</strong></span> <span class='ocrx_word' id='word_1_176' title='bbox 517 3716 696 3774; x_wconf 89' lang='lat' dir='ltr'><strong>mentioned</strong></span> <span class='ocrx_word' id='word_1_177' title='bbox 716 3717 756 3792; x_wconf 91' lang='lat' dir='ltr'><strong>by</strong></span> <span class='ocrx_word' id='word_1_178' title='bbox 776 3717 929 3784; x_wconf 86' lang='lat' dir='ltr'><strong>Aristotle,</strong></span> <span class='ocrx_word' id='word_1_179' title='bbox 951 3717 1023 3774; x_wconf 90' lang='lat' dir='ltr'><strong>Eth.</strong></span> <span class='ocrx_word' id='word_1_180' title='bbox 1045 3717 1113 3774; x_wconf 90' lang='lat' dir='ltr'><strong>Nic.</strong></span> <span class='ocrx_word' id='word_1_181' title='bbox 1131 3718 1180 3774; x_wconf 89' lang='lat' dir='ltr'><strong>vii.</strong></span> 
     </span>
     <span class='ocr_line' id='line_1_27' title="bbox 137 3810 1069 3888; baseline 0.001 -21"><span class='ocrx_word' id='word_1_182' title='bbox 137 3813 164 3868; x_wconf 86' lang='lat'><strong>3.</strong></span> <span class='ocrx_word' id='word_1_183' title='bbox 180 3814 206 3867; x_wconf 85' lang='lat'><strong>8.</strong></span> <span class='ocrx_word' id='word_1_184' title='bbox 222 3810 283 3868; x_wconf 90' lang='lat' dir='ltr'><strong>and</strong></span> <span class='ocrx_word' id='word_1_185' title='bbox 297 3814 517 3888; x_wconf 84' lang='lat' dir='ltr'><strong>consequently</strong></span> <span class='ocrx_word' id='word_1_186' title='bbox 532 3821 615 3870; x_wconf 91' lang='lat' dir='ltr'><strong>must</strong></span> <span class='ocrx_word' id='word_1_187' title='bbox 628 3813 666 3870; x_wconf 89' lang='lat' dir='ltr'><strong>be</strong></span> <span class='ocrx_word' id='word_1_188' title='bbox 681 3813 767 3870; x_wconf 91' lang='lat' dir='ltr'><strong>older</strong></span> <span class='ocrx_word' id='word_1_189' title='bbox 781 3814 855 3870; x_wconf 85' lang='lat' dir='ltr'><strong>than</strong></span> <span class='ocrx_word' id='word_1_190' title='bbox 872 3813 1069 3888; x_wconf 79' lang='lat' dir='ltr'><strong>Chrysippus.</strong></span> 
     </span>
    </p>

    <p class='ocr_par' dir='ltr' id='par_1_9' title="bbox 136 3906 1182 4269">
     <span class='ocr_line' id='line_1_28' title="bbox 176 3906 1180 3979; baseline 0 -17"><span class='ocrx_word' id='word_1_191' title='bbox 176 3917 188 3945; x_wconf 76' lang='lat'><strong>⁰</strong></span> <span class='ocrx_word' id='word_1_192' title='bbox 208 3906 300 3963; x_wconf 82' lang='lat' dir='ltr'><strong>Acad.</strong></span> <span class='ocrx_word' id='word_1_193' title='bbox 314 3909 428 3979; x_wconf 79' lang='lat' dir='ltr'><strong>Quaest.</strong></span> <span class='ocrx_word' id='word_1_194' title='bbox 443 3909 480 3965; x_wconf 90' lang='lat' dir='ltr'><strong>iv.</strong></span> <span class='ocrx_word' id='word_1_195' title='bbox 498 3912 545 3966; x_wconf 81' lang='lat'><strong>30.</strong></span> <span class='ocrx_word' id='word_1_196' title='bbox 573 3909 618 3966; x_wconf 88' lang='lat' dir='ltr'><strong>Its</strong></span> <span class='ocrx_word' id='word_1_197' title='bbox 634 3910 767 3966; x_wconf 89' lang='lat' dir='ltr'><strong>solution</strong></span> <span class='ocrx_word' id='word_1_198' title='bbox 781 3909 807 3966; x_wconf 90' lang='lat' dir='ltr'><strong>is</strong></span> <span class='ocrx_word' id='word_1_199' title='bbox 823 3909 958 3966; x_wconf 83' lang='lat' dir='ltr'><strong>obvious</strong></span> <span class='ocrx_word' id='word_1_200' title='bbox 987 3907 1035 3964; x_wconf 89' lang='lat' dir='ltr'><strong>No</strong></span> <span class='ocrx_word' id='word_1_201' title='bbox 1051 3924 1109 3963; x_wconf 89' lang='lat' dir='ltr'><strong>one</strong></span> <span class='ocrx_word' id='word_1_202' title='bbox 1125 3924 1180 3963; x_wconf 89' lang='lat' dir='ltr'><strong>can</strong></span> 
     </span>
     <span class='ocr_line' id='line_1_29' title="bbox 136 4000 1182 4080; baseline 0.001 -23"><span class='ocrx_word' id='word_1_203' title='bbox 136 4001 176 4058; x_wconf 88' lang='lat' dir='ltr'><strong>lie</strong></span> <span class='ocrx_word' id='word_1_204' title='bbox 187 4001 313 4058; x_wconf 89' lang='lat' dir='ltr'><strong>without</strong></span> <span class='ocrx_word' id='word_1_205' title='bbox 323 4003 408 4078; x_wconf 88' lang='lat' dir='ltr'><strong>lying</strong></span> <span class='ocrx_word' id='word_1_206' title='bbox 416 4003 509 4061; x_wconf 89' lang='lat' dir='ltr'><strong>about</strong></span> <span class='ocrx_word' id='word_1_207' title='bbox 518 4005 700 4080; x_wconf 81' lang='lat' dir='ltr'><strong>something.</strong></span> <span class='ocrx_word' id='word_1_208' title='bbox 724 4005 790 4061; x_wconf 90' lang='lat' dir='ltr'><strong>The</strong></span> <span class='ocrx_word' id='word_1_209' title='bbox 801 4004 977 4078; x_wconf 89' lang='lat' dir='ltr'><strong>something</strong></span> <span class='ocrx_word' id='word_1_210' title='bbox 985 4003 1011 4058; x_wconf 89' lang='lat' dir='ltr'><strong>is</strong></span> <span class='ocrx_word' id='word_1_211' title='bbox 1020 4008 1075 4058; x_wconf 90' lang='lat' dir='ltr'><strong>not</strong></span> <span class='ocrx_word' id='word_1_212' title='bbox 1083 4000 1182 4058; x_wconf 89' lang='lat' dir='ltr'><strong>stated</strong></span> 
     </span>
     <span class='ocr_line' id='line_1_30' title="bbox 137 4097 1182 4174; baseline 0.001 -22"><span class='ocrx_word' id='word_1_213' title='bbox 137 4098 170 4153; x_wconf 90' lang='lat' dir='ltr'><strong>in</strong></span> <span class='ocrx_word' id='word_1_214' title='bbox 184 4098 236 4153; x_wconf 90' lang='lat' dir='ltr'><strong>the</strong></span> <span class='ocrx_word' id='word_1_215' title='bbox 252 4098 398 4171; x_wconf 88' lang='lat' dir='ltr'><strong>sophism.</strong></span> <span class='ocrx_word' id='word_1_216' title='bbox 433 4101 499 4157; x_wconf 87' lang='lat' dir='ltr'><strong>The</strong></span> <span class='ocrx_word' id='word_1_217' title='bbox 515 4101 656 4174; x_wconf 88' lang='lat' dir='ltr'><strong>question</strong></span> <span class='ocrx_word' id='word_1_218' title='bbox 671 4119 703 4158; x_wconf 85' lang='lat' dir='ltr'><strong>as</strong></span> <span class='ocrx_word' id='word_1_219' title='bbox 718 4101 742 4156; x_wconf 92' lang='lat' dir='ltr'><strong>it</strong></span> <span class='ocrx_word' id='word_1_220' title='bbox 756 4099 862 4159; x_wconf 89' lang='lat' dir='ltr'><strong>stands</strong></span> <span class='ocrx_word' id='word_1_221' title='bbox 877 4100 903 4156; x_wconf 92' lang='lat' dir='ltr'><strong>is</strong></span> <span class='ocrx_word' id='word_1_222' title='bbox 918 4098 1116 4174; x_wconf 87' lang='lat' dir='ltr'><strong>unmeaning.</strong></span> <span class='ocrx_word' id='word_1_223' title='bbox 1150 4097 1182 4154; x_wconf 86' lang='lat' dir='ltr'><strong>Is</strong></span> 
     </span>
     <span class='ocr_line' id='line_1_31' title="bbox 136 4193 709 4269; baseline 0.007 -20"><span class='ocrx_word' id='word_1_224' title='bbox 136 4193 197 4250; x_wconf 84' lang='lat' dir='ltr'><strong>this</strong></span> <span class='ocrx_word' id='word_1_225' title='bbox 213 4193 301 4269; x_wconf 88' lang='lat' dir='ltr'><strong>thing</strong></span> <span class='ocrx_word' id='word_1_226' title='bbox 313 4212 384 4269; x_wconf 86' lang='lat' dir='ltr'><strong>very</strong></span> <span class='ocrx_word' id='word_1_227' title='bbox 398 4195 482 4252; x_wconf 83' lang='lat' dir='ltr'><strong>like?</strong></span> <span class='ocrx_word' id='word_1_228' title='bbox 515 4196 592 4253; x_wconf 90' lang='lat' dir='ltr'><strong>Like</strong></span> <span class='ocrx_word' id='word_1_229' title='bbox 608 4197 709 4253; x_wconf 85' lang='lat' dir='ltr'><strong>what?</strong></span> 
     </span>
    </p>
   </div>
   <div class='ocr_carea' id='block_1_8' title="bbox 655 4325 675 4372">
    <p class='ocr_par' dir='ltr' id='par_1_10' title="bbox 655 4325 675 4372">
     <span class='ocr_line' id='line_1_32' title="bbox 655 4325 675 4372; baseline 0 0"><span class='ocrx_word' id='word_1_230' title='bbox 655 4325 675 4372; x_wconf 87' lang='lat' dir='ltr'>L</span> 
     </span>
    </p>
   </div>
   <div class='ocr_carea' id='block_1_9' title="bbox 0 0 1530 5122">
    <p class='ocr_par' dir='ltr' id='par_1_11' title="bbox 0 0 1530 5122">
     <span class='ocr_line' id='line_1_33' title="bbox 0 0 1530 5122; baseline 0 0"><span class='ocrx_word' id='word_1_231' title='bbox 0 0 1530 5122; x_wconf 95' lang='lat' dir='ltr'><strong> </strong></span> 
     </span>
    </p>
   </div>
  </div>
 </body>
</html>
