3052 5122
315 398 365 470 66
705 418 809 468 rens
827 419 965 470 nooron

314 666 316 672 ⁴
366 596 399 666 2.
427 595 594 676 Quorum
619 616 733 667 unum
758 592 942 679 convenit,
963 592 1118 665 alterum
1146 589 1270 664 differt
1294 590 1362 663 uni

315 727 352 791 et
370 718 487 791 eidem
505 718 627 805 tertio,
645 743 689 790 ea
705 717 880 791 differunt
895 717 991 789 inter
1008 741 1059 789 se.

364 842 400 914 3.
427 842 522 923 Quae
539 865 614 914 non
632 842 858 915 conveniunt
870 841 909 913 in
922 863 998 913 uno
1016 840 1139 936 aliquo
1154 839 1362 936 eodemque

312 965 434 1051 tertio,
449 990 493 1036 ea
509 990 586 1037 non
605 964 830 1037 conveniunt
846 964 942 1036 inter
958 987 1008 1036 se.

365 1089 483 1162 Sunto
501 1090 599 1161 enirn
616 1090 650 1161 A
667 1101 706 1161 et
724 1089 767 1174 C,
778 1112 847 1161 nec
866 1087 1040 1184 assignari
1052 1088 1167 1184 possit
1180 1087 1361 1184 ejusmodi

312 1212 474 1298 tertium,
501 1212 601 1307 Ergo
628 1211 719 1284 nihil
744 1211 883 1284 habent
908 1234 1128 1297 commune;
1156 1211 1256 1308 Ergo
1282 1235 1359 1285 non

312 1336 538 1409 conveniunt
554 1336 650 1408 inter
667 1358 718 1407 se.

363 1461 397 1533 4.
424 1461 593 1540 Quorum
610 1458 732 1531 neutri
754 1458 850 1530 inest
868 1457 968 1553 quod
986 1481 1062 1530 non
1088 1456 1136 1529 sit
1158 1456 1196 1529 in
1214 1456 1298 1544 alio,
1314 1482 1361 1531 ea

312 1607 387 1658 non
407 1582 580 1655 differunt
596 1582 691 1655 inter
704 1605 743 1653 se
750 1578 768 1651 i.

363 1707 398 1780 5.
424 1705 520 1791 Quae
537 1729 611 1778 non
635 1703 839 1803 probantur
863 1703 1059 1776 convenire
1081 1703 1120 1775 in
1136 1727 1212 1776 uno
1234 1703 1360 1801 aliquo
1427 1714 1435 1723 '

312 1830 518 1926 eodemque
536 1829 657 1916 tertio,
674 1853 719 1902 ea
736 1851 811 1901 non
829 1827 1033 1924 probantur
1049 1826 1245 1901 convenire
1261 1829 1360 1902 inter

312 1976 362 2025 se.
416 1952 584 2025 Dubitari
613 1951 711 2024 enim
737 1957 861 2047 potest
887 1958 1013 2022 utrum
1043 1947 1152 2024 detur
1178 1949 1359 2048 ejusmodi

312 2075 473 2161 tertium,
491 2082 530 2147 et
546 2074 725 2148 dubitatio
743 2073 813 2146 ista
830 2096 905 2145 non
922 2071 1075 2145 tollitur.

363 2198 398 2269 6.
427 2198 482 2270 De
517 2198 649 2294 quibus
683 2220 759 2269 non
789 2196 979 2292 probatur,
1013 2195 1208 2269 convenire
1240 2220 1359 2270 unum

313 2320 430 2393 eidem
465 2321 572 2393 alicui
605 2320 714 2392 tertio
750 2319 809 2392 cui
849 2318 1005 2392 alterum
1038 2318 1171 2406 differt,
1204 2343 1248 2392 ea
1280 2343 1357 2392 non

313 2444 515 2542 probantur
531 2444 676 2517 differre
693 2445 790 2517 inter
813 2466 862 2515 se.
916 2442 1084 2516 Dubitari
1107 2442 1204 2516 enim
1221 2451 1358 2540 potest,

312 2575 438 2640 utrum
456 2567 564 2640 detur
580 2566 760 2664 ejusmodi
777 2566 941 2652 tertium,
954 2565 991 2639 h.
1005 2590 1037 2637 e.
1050 2574 1176 2639 utrum
1194 2566 1359 2640 alterutri

312 2692 397 2764 insit
414 2692 514 2789 quod
531 2717 606 2765 non
624 2703 681 2765 est
697 2691 734 2765 in
757 2691 917 2788 reliqum
945 2699 983 2763 et
999 2689 1178 2764 dubitatio
1195 2690 1265 2764 ista
1280 2715 1357 2764 non

313 2816 454 2890 tollitur
463 2813 488 2888 ¹¹.

351 3053 358 3088 ⁵
381 3050 448 3108 The
463 3049 544 3109 third
559 3049 619 3107 and
639 3048 741 3107 fourth
762 3064 877 3106 canons
898 3045 992 3104 relate
1013 3052 1044 3104 to
1067 3048 1240 3107 conditione
1258 3047 1358 3107 under

312 3148 408 3206 which
423 3166 464 3205 no
479 3147 635 3223 syllogism
649 3166 703 3204 coa
722 3145 806 3204 exist.
851 3145 951 3201 “Two
970 3142 1083 3220 things,
1098 3145 1198 3203 which
1211 3145 1286 3204 have
1300 3153 1357 3204 not

312 3263 329 3302 a
342 3245 430 3319 point
438 3244 471 3302 in
485 3260 637 3309 common,
650 3261 700 3300 ure
711 3241 817 3317 totally
828 3238 980 3298 distinct”
1021 3248 1038 3272 “
1051 3240 1124 3298 Two
1133 3241 1246 3318 things,
1257 3241 1357 3300 which

311 3340 386 3398 have
400 3346 456 3397 not
470 3358 487 3397 a
500 3340 588 3414 point
602 3337 636 3396 of
646 3338 817 3405 difference,
828 3354 878 3394 are
892 3334 1219 3412 undistinguishable.”
1258 3337 1321 3394 But
1334 3337 1362 3394 if

312 3437 397 3492 there
412 3435 437 3491 is
453 3452 493 3491 no
507 3435 583 3491 such
597 3434 692 3508 point,
703 3435 788 3492 there
802 3435 830 3490 is
843 3450 885 3490 no
899 3431 1014 3489 middle
1030 3438 1116 3498 term,
1131 3432 1192 3490 and
1206 3431 1356 3490 therefore

314 3549 354 3587 no
370 3530 535 3606 syllogism.

353 3626 365 3660 l
386 3623 454 3681 The
481 3622 549 3680 fifth
577 3623 637 3681 and
659 3625 739 3682 sixth
760 3643 875 3686 canons
895 3629 989 3686 relato
1010 3634 1042 3684 to
1063 3623 1235 3682 conditione
1258 3623 1358 3681 under

313 3722 411 3779 which
437 3738 478 3778 no
507 3721 662 3797 syllogism
690 3724 753 3779 doec
786 3725 871 3782 exist.
928 3723 988 3782 “If
1011 3741 1052 3781 no
1079 3721 1168 3798 point
1193 3720 1250 3778 has
1277 3719 1357 3779 been

314 3819 466 3896 assigned,
487 3817 623 3877 whether
644 3817 678 3875 of
695 3828 870 3895 agreement
890 3839 925 3880 or
952 3818 1139 3878 differenoe.''
1180 3816 1243 3874 But
1263 3815 1289 3874 if
1313 3836 1356 3886 so,

313 3918 398 3974 there
413 3918 439 3974 is
454 3935 495 3975 no
511 3915 676 3993 syllogism.

353 4017 460 4075 Hence
481 4018 567 4076 these
589 4013 657 4071 four
680 4020 792 4070 cannot
811 4014 849 4072 he
877 4014 974 4072 called
996 4030 1111 4071 canons
1131 4011 1166 4069 of
1189 4011 1356 4088 syllogism.

312 4111 397 4187 They
417 4130 486 4188 mey
507 4112 545 4170 be
572 4107 683 4177 useful,
702 4108 849 4177 however,
871 4109 917 4167 for
944 4109 1121 4185 examining
1144 4109 1196 4166 the
1224 4108 1356 4186 illogical

251 4228 257 4239 ‘
310 4209 459 4280 positions
474 4209 508 4265 of
519 4227 557 4266 un
572 4213 737 4281 opponent.
