3052 5122
642 441 870 491 uunruunrn.
1254 416 1276 486 5

236 639 307 687 esse
329 616 603 713 aequiangulum,
620 640 769 712 possum
794 615 1094 713 Apprehensione
1119 612 1279 709 Simplici

236 736 468 833 incomplexe
509 737 709 833 intelligere
752 738 839 832 quid
881 738 945 809 sibi
988 737 1102 808 velint
1137 735 1279 830 singula

239 858 421 931 Orationis
440 859 548 954 hujus
572 859 762 943 vocabula,
781 860 973 956 complexa
990 883 1075 932 vero
1095 857 1183 952 quid
1200 867 1278 928 totu

237 981 303 1052 sibi
328 983 415 1054 velit
442 979 603 1055 Oratioi:
644 983 742 1062 Quin
767 992 804 1054 et
826 983 937 1079 ipsius
964 983 1117 1054 Naturae
1140 981 1277 1052 lumine

236 1103 413 1200 intelligo,
442 1105 525 1177 Duo
552 1106 726 1200 quaelibet
752 1104 896 1200 objecta
922 1106 979 1176 vel
1005 1105 1099 1175 inter
1127 1128 1165 1175 se
1191 1127 1279 1175 con-

238 1229 373 1313 venire,
391 1228 449 1300 vel
465 1254 540 1300 non
559 1230 766 1314 convenire,
783 1244 821 1300 et
846 1229 998 1325 proinde
1022 1229 1137 1300 altera
1156 1229 1280 1322 Copu-

238 1349 356 1420 larum
387 1375 465 1421 esse
490 1351 702 1446 jungenda:
743 1352 918 1423 Nondum
945 1361 1068 1422 tamen
1086 1350 1155 1421 feci
1184 1350 1280 1444 judi-

240 1471 336 1542 cium
372 1471 489 1544 donec
509 1474 700 1579 ⁴Copulam
730 1472 1057 1557 determinaverim,
1085 1473 1106 1543 i.
1126 1497 1157 1542 e.
1184 1470 1281 1567 apud

240 1593 418 1687 meipsum
438 1595 625 1665 statuerim
643 1593 724 1665 haec
750 1594 834 1665 Duo
859 1593 1025 1688 Objecta,
1049 1594 1282 1690 Triangulum

241 1715 494 1809 aequilaterum,
540 1727 579 1787 et
622 1716 855 1813 Triangulum
896 1717 1170 1812 aequiangulum,
1213 1715 1282 1786 hac

244 1835 386 1932 Copula
409 1838 492 1924 Est,
518 1861 592 1908 non
620 1846 744 1909 autern
770 1838 884 1909 altera
901 1838 1086 1922 Non-Est,
1112 1845 1282 1933 oportere

242 1958 424 2054 conjungi.

292 2081 326 2152 3.
352 2079 579 2170 Discerne,
601 2093 656 2155 est
681 2094 804 2156 motus
821 2084 895 2158 sive
921 2110 1133 2181 progressus
1151 2085 1283 2156 mentis

283 2306 289 2340 ¹
310 2303 509 2378 Conception,
522 2303 573 2360 the
605 2303 838 2377 Apprehension
861 2302 894 2359 of
915 2303 1018 2379 Logia,
1044 2304 1166 2378 implies
1189 2303 1284 2359 consi·

243 2400 366 2475 derably
381 2417 464 2456 more
484 2399 559 2455 than
581 2399 633 2456 the
653 2418 736 2456 mere
758 2399 1002 2475 understanding
1021 2399 1055 2456 of
1071 2400 1122 2456 the
1141 2399 1286 2474 meaning

245 2495 281 2553 of
299 2495 396 2553 words
418 2513 453 2552 or
473 2504 643 2552 sentences
686 2496 712 2551 A
734 2495 814 2552 word
836 2513 870 2552 or
891 2505 1035 2553 sentence
1056 2513 1125 2570 may
1139 2495 1177 2551 be
1199 2493 1285 2551 intel·

243 2591 348 2667 ligible
359 2591 447 2647 when
458 2590 510 2647 the
521 2591 628 2647 notion
641 2590 781 2666 signified
791 2591 817 2647 is
828 2591 1063 2647 inconceivable.
1096 2589 1285 2663 conception

244 2687 374 2744 consiste
399 2686 431 2742 in
454 2704 493 2742 an
514 2687 595 2760 unity
615 2687 648 2757 of
668 2687 892 2759 representation,
915 2685 934 2742 i.
951 2704 976 2742 e.
1000 2686 1033 2741 in
1058 2684 1109 2741 the
1133 2702 1234 2758 power
1256 2681 1290 2739 of

192 2850 194 2855 Ι
244 2782 377 2857 forming
391 2799 408 2837 a
422 2781 537 2836 mental
553 2781 650 2856 image
666 2781 699 2837 cf
710 2782 761 2838 the
777 2781 890 2837 several
906 2780 1064 2837 attributes
1079 2780 1166 2854 given
1181 2780 1213 2835 in
1229 2796 1286 2852 any

244 2877 325 2935 word
353 2894 387 2933 or
415 2875 622 2932 combination
651 2875 685 2933 of
713 2875 821 2932 words.
876 2875 907 2931 It
934 2877 960 2931 is
988 2875 1059 2930 thus
1087 2873 1287 2947 imagination

245 2971 628 3045 relativelytoaconcept.
671 2970 716 3027 Cf.
732 2970 892 3026 Hamilton
907 2988 947 3026 on
962 2968 1049 3034 Reid,
1064 2986 1093 3042 p.
1109 2971 1176 3024 atr.
1219 2969 1287 3025 Pro-

244 3066 407 3141 legomena
420 3065 542 3140 Lugios,
558 3083 588 3139 p.
604 3070 651 3122 24.

286 3158 302 3196 ¹
324 3157 483 3214 “Additur
496 3160 585 3215 tertia
607 3157 741 3232 operatio
758 3176 825 3231 quae
841 3164 887 3214 est
902 3157 1065 3223 discursus,
1081 3157 1119 3214 ab
1133 3175 1195 3214 uno
1210 3175 1287 3216 com-

246 3253 347 3329 posito
371 3252 417 3309 vel
445 3252 540 3309 diviso
566 3253 604 3310 ad
630 3252 731 3310 aliud:
764 3254 822 3310 hoc
844 3263 945 3310 tamen
967 3252 1002 3309 fit
1024 3271 1080 3327 per
1100 3264 1287 3328 argumenta·

246 3351 371 3410 tionem.
402 3350 461 3406 Est
472 3360 573 3407 autern
585 3352 806 3427 argumentatio
817 3351 912 3409 oratio
924 3350 1122 3426 significativa
1133 3351 1287 3409 discursus

246 3447 374 3505 rationis
401 3446 438 3504 ab
461 3464 523 3503 uno
545 3449 665 3523 cognito
688 3447 726 3505 ad
750 3447 833 3505 aliud
858 3448 1056 3522 incognitum,
1078 3448 1125 3504 vel
1146 3467 1164 3504 a
1191 3450 1287 3524 magis

246 3543 367 3618 cognito
389 3540 426 3598 ad
448 3542 551 3598 minus
573 3543 737 3617 cognitum.
794 3542 873 3598 Sunt
893 3551 994 3598 autern
1016 3543 1287 3616 argumentationis

248 3646 377 3713 quatuor
391 3639 516 3711 species,
532 3637 647 3694 scilicet
661 3637 864 3712 syllogismus,
880 3637 1082 3711 enthymema,
1098 3636 1242 3705 inductio,
1258 3646 1289 3695 et

247 3730 448 3805 exemplum.”
496 3732 639 3804 Aquinas,
663 3732 775 3806 Opuso.
795 3731 888 3787 xlviii.
912 3732 1009 3786 Tract.
1026 3730 1063 3786 de
1082 3730 1155 3805 Syll.
1174 3749 1237 3806 cap.
1262 3739 1287 3790 1.

248 3827 273 3883 T
275 3826 315 3882 he
336 3825 536 3883 definitionis
551 3834 601 3884 too
612 3827 697 3894 wide,
713 3828 805 3902 being
819 3826 987 3901 applicable
1002 3835 1033 3883 to
1048 3826 1099 3882 the
1115 3827 1289 3885 immediate

248 3918 417 3977 inferences
439 3919 473 3977 of
491 3920 673 3995 Oppositicn
692 3921 752 3978 and
774 3922 971 3987 Conversion,
992 3939 1024 3977 as
1046 3921 1113 3978 well
1132 3940 1164 3978 as
1185 3931 1215 3978 to
1236 3924 1288 3982 the

247 4014 379 4071 mediate
394 4015 433 4090 by
447 4015 710 4090 Argumentaticn.
752 4015 790 4072 In
805 4015 845 4072 all
865 4015 950 4071 there
972 4015 997 4070 is
1020 4033 1038 4071 a
1056 4033 1196 4090 progress
1211 4016 1288 4077 from

247 4125 305 4166 one
322 4109 487 4184 judgmeut
504 4117 535 4167 to
559 4111 697 4168 another.
746 4110 896 4168 Discursus
919 4110 945 4166 is
967 4127 1051 4166 more
1076 4113 1217 4187 properly
1238 4115 1290 4172 the

249 4220 392 4279 progress
406 4203 484 4261 from
499 4212 557 4262 two
572 4205 740 4263 connected
754 4205 944 4281 jurlgments,
960 4213 991 4262 to
1006 4223 1024 4262 a
1040 4206 1122 4264 third
1143 4211 1292 4287 resulting
