3052 5122
359 387 407 459 56
751 417 856 466 sarrs
874 418 1012 468 noorcn

319 670 322 679 Ι
358 594 481 679 negat,
516 587 613 660 idem
646 589 762 664 altera
794 593 841 666 de
875 592 1018 680 eodem,
1053 591 1257 666 secundum
1293 592 1403 680 idem,

360 708 543 783 affirmat:
584 713 628 785 Id
659 739 747 788 vero
778 716 856 789 fieri
889 742 958 790 nec
993 726 1125 790 natura
1157 716 1307 814 patitur,
1336 741 1407 790 nec

360 855 490 905 sensus
506 833 584 932 ipse
602 838 818 912 communis.
870 842 1008 927 Quare,
1121 928 1124 933 ,

409 987 443 1033 a.
473 958 511 1031 Si
533 960 758 1035 Universalis
780 987 867 1036 vera
893 965 950 1050 sit,
973 964 1214 1061 particularis
1232 988 1317 1061 quae
1339 964 1408 1036 sub

360 1108 404 1156 ea
420 1083 645 1171 continetur,
663 1109 750 1157 vera
767 1094 833 1158 est.
886 1087 936 1158 Et

410 1211 450 1298 β.
478 1206 515 1279 Si
536 1207 764 1303 particularis
782 1207 873 1280 falsa
896 1210 953 1294 sit,
971 1210 1204 1297 Universalis
1223 1235 1307 1307 quae
1326 1234 1408 1283 eam

363 1332 541 1417 continet,
564 1329 655 1402 falsa
680 1340 757 1402 est:
793 1329 981 1415 Quoniam·
1005 1333 1103 1405 enirn
1130 1334 1343 1430 Subjectum
1368 1333 1408 1406 in

361 1453 566 1528 Universali
580 1453 817 1539 distribuitur,
830 1453 885 1539 fit,
898 1463 940 1526 ut
954 1455 989 1526 in
1005 1479 1060 1541 ea,
1072 1465 1110 1528 et
1126 1458 1164 1529 in
1183 1457 1409 1545 Particulari‚

361 1577 470 1663 idem,
480 1577 526 1649 de
538 1576 681 1663 eodem,
693 1576 896 1649 secundum
908 1577 1017 1665 idem,
1029 1578 1191 1652 dicatur:
1205 1604 1289 1653 vere
1300 1581 1409 1676 igitur

362 1709 400 1772 et
412 1699 504 1773 falso
515 1700 623 1773 simul
636 1699 718 1786 dici,
731 1699 819 1794 (hoc
832 1707 900 1788 est,
911 1701 1082 1773 affirmari
1096 1702 1203 1775 simul
1215 1713 1252 1776 et
1264 1703 1406 1800 negari)

363 1823 503 1920 nequit.

414 1949 449 2021 2.
477 1947 682 2020 Contrariae
695 1949 739 2019 A.
754 1949 798 2021 Ε.
816 1972 892 2020 non
911 1957 1065 2046 possunt
1083 1973 1161 2021 esse
1179 1951 1285 2022 simul
1298 1975 1408 2023 aeroe:

365 2071 484 2144 sedin
502 2070 656 2143 materia
674 2071 901 2166 contingenti
920 2079 1005 2144 sunt
1021 2072 1126 2145 simul
1134 2073 1257 2169 snlroe.
1310 2073 1409 2147 Nam

366 2194 412 2270 1⁰.
439 2197 658 2292 Exponatur
674 2194 898 2267 Universalis
916 2220 1022 2280 vera3
1056 2197 1155 2294 Ergo
1182 2199 1408 2294 particularis

365 2344 452 2392 vera
481 2343 547 2416 per
576 2320 608 2392 1.
639 2343 679 2402 c;
713 2318 814 2412 Ergo
840 2342 924 2412 quae
953 2319 1163 2415 particulari
1193 2323 1409 2396 contradicit

363 2445 453 2517 falsa
469 2468 535 2541 per
555 2443 587 2517 l.
640 2441 712 2515 Sed
730 2441 812 2514 haec
831 2450 886 2513 est
904 2443 1093 2538 Expositae
1113 2447 1305 2519 contraria.

414 2566 475 2639 2⁰..
494 2568 712 2663 Exponatur
741 2564 966 2636 Universalis
1000 2565 1046 2637 de
1080 2568 1233 2639 materia
1267 2569 1409 2641 contin·

363 2693 487 2790 genti;
521 2692 621 2785 Ergo
639 2698 677 2761 et
702 2688 784 2762 haec
804 2687 895 2760 falsa
916 2695 983 2775 est,
1002 2698 1039 2761 et
1062 2690 1292 2765 Particularis
1310 2716 1409 2780 vera,

313 2805 318 2815 ’
365 2819 401 2893 vi
420 2817 605 2891 materiae:
637 2816 737 2910 Ergo
756 2838 840 2911 quae
857 2815 1067 2911 particulari
1085 2818 1301 2891 contradicit
1317 2818 1408 2892 falsa

365 2966 431 3039 per
464 2941 496 3015 1.
556 2938 629 3012 Sed
663 2938 746 3011 haec
778 2948 834 3010 est
869 2939 1059 3036 Expositae
1088 2940 1293 3014 Universali
1322 2965 1411 3015 con·

365 3066 486 3140 traria.

416 3190 451 3261 3.
478 3188 749 3262 Subcontrariae
769 3188 797 3259 Ι.
817 3188 861 3261 Ο.
879 3188 985 3261 simol
995 3189 1108 3285 fatroe
1126 3214 1204 3263 esse
1226 3215 1303 3263 non
1328 3215 1411 3287 pos-

367 3321 474 3384 sunt:
510 3310 574 3383 sed
601 3311 707 3383 simol
730 3335 832 3396 verre,
855 3311 914 3382 vel
941 3337 1011 3383 aaa
1038 3337 1132 3398 cera,
1150 3313 1256 3407 falsa
1284 3315 1410 3398 altera,

368 3458 446 3505 esse
475 3441 640 3529 possunt.
703 3432 797 3504 Sunt
829 3434 926 3504 enim
957 3433 1041 3505 duae
1072 3433 1226 3506 duarum
1257 3436 1412 3507 Contra

367 3555 501 3628 riarum
521 3553 837 3639 Contradictoriae,
854 3562 896 3625 ut
916 3555 953 3626 in
980 3553 1176 3628 Schemate
1194 3565 1305 3654 patet,
1324 3581 1409 3630 cum

369 3676 558 3751 contrariis
576 3675 795 3748 decussatim
814 3677 1083 3773 comparandae.
1124 3681 1260 3765 Quare,
1279 3679 1362 3775 (per
1378 3680 1409 3752 l.

370 3812 408 3875 et
433 3801 485 3896 2.)
513 3799 784 3873 Subcontrariae
813 3801 963 3873 suntin
994 3801 1096 3874 nulla
1124 3805 1275 3877 materia
1304 3803 1413 3877 simul

358 3916 494 4023 falam
527 3925 613 4023 quia
638 3922 832 3996 contrariae
857 3924 894 3996 in
923 3924 1023 3997 nulla
1049 3927 1156 4000 simul
1179 3954 1288 4002 aeroe:
1320 3929 1413 4001 Sub-

373 4049 566 4124 contrariae
592 4049 629 4122 in
656 4048 883 4144 contingenti
913 4048 1021 4122 simul
1045 4074 1164 4138 verae;
1203 4053 1288 4148 quia
1315 4053 1414 4126 Con·

371 4174 492 4247 trariae
517 4174 554 4247 in
572 4171 701 4246 eadem
725 4170 832 4244 simul
848 4170 960 4247 falsae.
1012 4173 1058 4245 ln
1078 4175 1296 4273 Impossibili
1312 4201 1413 4264 vero,
