3052 5122
648 443 877 499 ooorursrr.
1241 423 1287 495 95

244 640 355 716 quarn
372 619 530 693 licentiae
549 614 717 716 quaedam
738 621 991 717 syllogisticae,
1009 619 1100 694 etin
1120 629 1291 694 accurata

242 741 489 840 disputatione
507 767 582 814 non
601 741 772 816 videntur
789 742 1038 816 admittendae.

297 867 327 939 l.
355 866 515 947 Quando
539 889 607 964 pro
641 866 798 938 termino
828 866 1029 963 repetendo
1059 866 1289 939 substituitur
1297 887 1371 936 nnat.
1383 887 1428 938 rr.

244 1013 315 1062 vox
349 991 400 1063 illi
435 991 685 1088 aequipollens
738 991 790 1065 Ut
824 992 861 1064 in
896 991 980 1078 boc,
1011 992 1091 1064 Ens
1125 993 1288 1066 naturale
1297 953 1319 1001 I'
1331 954 1370 1002 ὅθ’

242 1126 404 1187 constans
436 1139 581 1211 corpore
614 1115 781 1214 organico
817 1128 851 1188 et
885 1114 1003 1188 animo
1037 1114 1207 1189 rationali
1237 1128 1288 1188 est

242 1235 368 1309 lomo:
403 1236 567 1312 Socrates
594 1250 646 1311 ert
679 1239 870 1334 ejusmodi:
906 1262 993 1333 ergo
1028 1250 1080 1311 est
1114 1238 1225 1323 lromo,
1251 1245 1288 1310 et

243 1357 427 1432 similibus.
480 1361 608 1432 Potest
623 1360 720 1460 enim
735 1360 907 1456 Sophista
923 1360 1024 1432 abuti
1040 1359 1110 1433 ista
1124 1360 1288 1433 libertate

242 1482 301 1555 vel
317 1481 364 1554 ad
383 1482 597 1579 nugandum
614 1482 673 1554 vel
691 1482 736 1554 ad
754 1481 965 1554 fallendum.

295 1604 329 1677 2.
356 1605 516 1685 Quando
542 1605 636 1678 fiunt
664 1605 872 1702 Syllogismi
901 1629 948 1678 ex
979 1604 1146 1700 obliquis,
1173 1606 1290 1702 qualis

242 1734 311 1812 est,
332 1727 453 1800 Omnis
470 1729 617 1801 bominis
633 1754 738 1826 equus
755 1730 887 1803 currit:
914 1728 1080 1801 Socratas
1099 1741 1151 1801 ert
1167 1729 1266 1802 lomo
1274 1758 1289 1813 ;

243 1873 331 1945 ergo
367 1851 527 1925 Socratis
556 1877 662 1949 equus
696 1853 817 1926 currit.
883 1853 954 1924 Pro
989 1851 1121 1924 minori
1155 1853 1288 1925 rectius

242 1972 376 2046 dixeris
394 1975 554 2048 Socratis
577 2000 683 2072 equus
708 1987 761 2048 ert
781 1975 929 2048 hominis
955 1999 1072 2072 equus,
1091 1975 1178 2048 alias
1201 1999 1289 2048 con·

242 2099 444 2193 sequentia,
461 2098 547 2171 licet
570 2099 679 2186 bono,
703 2121 777 2171 non
805 2098 874 2171 erit
894 2098 1113 2172 immediata.
1164 2101 1288 2196 Atque

240 2220 304 2294 illo
329 2221 477 2319 insuper
505 2222 648 2296 laborat
674 2222 872 2320 disputatio
899 2222 1017 2294 omnis
1044 2245 1090 2295 ex
1117 2222 1287 2321 obliquis,

242 2343 341 2439 quod
359 2352 494 2441 praeter
510 2346 766 2420 necessitatem
784 2343 900 2442 aperit
917 2345 1040 2418 locum
1057 2344 1224 2420 fallaciae.

289 2467 325 2540 3.
351 2465 510 2552 Quando
536 2468 738 2566 propositio
764 2468 887 2564 aliqua
911 2467 1126 2566 intelligitur
1158 2480 1287 2545 contra

241 2613 352 2686 quarn
387 2592 506 2677 sonat,
540 2616 571 2664 e.
605 2616 639 2687 g.
686 2591 792 2676 Quod
822 2616 891 2664 non
911 2592 1028 2668 vlralret
1060 2604 1185 2688 partes
1218 2619 1286 2666 non

240 2712 360 2787 interit
380 2740 448 2810 per
472 2715 732 2788 dissolutionem
753 2715 936 2809 partium:
977 2714 1109 2787 Animo
1135 2717 1286 2790 bumana

241 2860 309 2909 non
334 2837 438 2910 labet
459 2849 584 2932 portes
597 2864 611 2910 .·
640 2859 727 2932 ergo
752 2837 869 2908 anima
899 2836 1051 2909 bumana
1073 2863 1141 2909 non
1165 2839 1286 2912 interit

236 2984 304 3054 per
316 2958 575 3031 dissolutionem
588 2958 757 3053 portium.
810 2958 908 3030 Nam
925 2957 1042 3053 major
1056 2967 1163 3031 sonat
1176 2984 1286 3056 nega-

240 3079 327 3165 tive,
344 3079 558 3174 intelligitur
583 3102 670 3152 vero
691 3078 889 3152 affirmate:
915 3086 1017 3176 puta,
1039 3080 1144 3164 Quod
1166 3080 1285 3156 interit

242 3202 304 3273 &a
322 3200 424 3272 lubet
437 3213 571 3296 portes.
622 3200 690 3273 Vel
711 3201 821 3273 etiarn
845 3201 996 3298 singulae
1020 3203 1284 3300 propositiones

239 3323 493 3420 intelliguntur
525 3323 715 3409 affirmate,
749 3347 792 3396 ac
827 3323 856 3396 si
894 3331 990 3398 esset
1031 3325 1283 3422 Syllogismus,

244 3449 352 3522 Omne
369 3472 494 3545 euporo
518 3459 569 3520 est
592 3447 878 3543 incorruptibile:
904 3448 1036 3522 Animo
1062 3450 1214 3524 bumana
1232 3463 1284 3525 est

238 3597 388 3670 coperr,·
414 3594 501 3667 ergo
519 3572 636 3644 animo
653 3572 805 3645 humano
821 3584 873 3646 est
889 3573 1172 3671 incorruptibilis.

289 3695 431 3769 Eodem
483 3694 666 3767 accenseri
707 3701 861 3791 possunt
901 3694 1110 3792 Syllogismi
1155 3697 1281 3793 quales

237 3817 386 3894 Autbor
398 3819 502 3893 Artis
519 3819 699 3918 cogitandi
708 3827 724 3857 ¹¹
741 3827 849 3893 vocat
865 3818 1085 3915 Complector,
1098 3820 1134 3893 in
1148 3820 1281 3916 quibus

276 4044 421 4100 'Autbor
441 4044 519 4101 Artis
534 4041 695 4116 Oopitumli.
739 4043 805 4101 The
826 4043 908 4100 work
930 4041 1052 4100 olluded
1074 4049 1105 4099 to
1128 4043 1153 4099 is
1176 4043 1278 4102 “l'Art

237 4137 275 4196 de
295 4139 433 4214 penser,”
460 4138 633 4214 commonly
653 4137 751 4196 called
778 4139 830 4197 the
855 4138 1035 4215 PortRoyol
1056 4137 1159 4216 Logic.
1201 4140 1277 4198 This

237 4234 318 4290 work
337 4233 392 4291 hos
413 4233 493 4291 been
514 4232 651 4291 ascribed
679 4238 710 4291 to
738 4233 857 4291 various
879 4234 1011 4302 authors,
1034 4233 1089 4291 but
1110 4253 1169 4293 was
1197 4242 1279 4293 most
