3052 5122
629 438 810 485 APPENDIX.

646 994 742 1060 Nora
758 994 799 1060 B.

540 1172 583 1216 ΟΝ
600 1171 670 1216 THE
686 1169 905 1216 cssnaoalsa

243 1344 345 1407 [ποτε
360 1342 397 1406 oi
413 1343 469 1406 the
486 1341 687 1423 Gategories‚
704 1361 793 1403 more
815 1360 850 1403 or
868 1341 936 1402 less
955 1342 1129 1424 complete,
1146 1357 1245 1406 ooour

200 1453 235 1515 in
252 1453 405 1517 different
418 1462 509 1537 parts
524 1450 562 1515 of
572 1451 756 1513 Aristotle's
772 1451 877 1512 works
892 1448 925 1510 in
943 1448 1077 1532 slightly
1093 1448 1245 1514 different

200 1562 367 1626 relations.
413 1562 485 1625 The
508 1560 677 1641 following
698 1579 857 1645 passages
879 1577 954 1641 may
973 1559 1015 1620 be
1040 1559 1184 1622 selected
1206 1580 1243 1623 as

200 1670 255 1735 the
275 1669 450 1755 principal.
509 1669 615 1752 Categ.
632 1670 683 1732 ch.
701 1674 730 1731 4.
762 1670 825 1729 Τῶν
840 1666 917 1727 κατὰ
931 1663 1065 1746 μηδεμίαν
1079 1668 1244 1747 συμπλοκὴν

200 1776 357 1866 λεγομένων
379 1775 497 1842 ίκαστον
517 1776 575 1856 ἦτοι
596 1775 691 1840 οὐσίαν
710 1774 838 1856 σημαίνει
856 1773 871 1852 ἢ
886 1774 971 1837 ποσίν
985 1773 1001 1852 ἢ
1016 1774 1090 1838 ποιῶν
1104 1773 1119 1852 ἢ
1133 1773 1200 1862 τρίς
1214 1800 1242 1838 τι

199 1887 214 1966 ἢ
229 1895 281 1952 ποῶ
295 1887 310 1966 ἢ
325 1885 393 1951 ποτέ
407 1886 422 1965 ἢ
439 1887 545 1951 κεῖσθαι
559 1885 575 1964 ἢ
590 1883 665 1971 ’έχειν
680 1884 695 1963 ἢ
710 1889 793 1949 ποιεῖν
807 1883 823 1962 ἢ
838 1882 971 1972 πάσχειν.
1010 1881 1100 1947 Ἔστι
1114 1883 1144 1947 δέ
1160 1884 1242 1948 οὐσία

199 1995 250 2079 μέν
270 1999 307 2070 ῶς
329 1995 406 2080 τῶπῳ
429 1998 508 2060 είπεῖν
532 1994 583 2057 οῖον
603 1992 751 2081 ῶνίριοτος,
774 1992 863 2067 ίππος·
896 1995 981 2057 ποσὸν
1003 1991 1030 2056 δέ
1053 1993 1105 2059 οῖον
1127 1994 1240 2082 δίπηχυ,

199 2105 333 2192 τρίπηχυ·
367 2104 442 2168 ποιῶν
471 2101 498 2167 δέ
527 2102 579 2167 οίον
609 2101 717 2179 λευκίν,
743 2100 956 2190 γραμματικόν·
989 2101 1057 2190 τρίς
1081 2129 1109 2167 τι
1138 2102 1166 2167 δέ
1190 2104 1267 2187 οίον,

199 2212 355 2293 διπλάσιον,
374 2215 471 2296 ἥμισυ,
490 2217 590 2296 μεῖζον·
613 2218 664 2275 τοῦ
687 2209 715 2275 δέ
736 2211 788 2276 οίον
810 2215 836 2276 έν
856 2210 978 2296 Λυκείῳ.
998 2214 1023 2276 έν
1044 2214 1148 2300 οἰγορρῖ·
1175 2211 1243 2277 ποτέ

199 2321 227 2388 δέ
242 2324 293 2387 οίον
309 2320 399 2409 ίχίές,
414 2321 536 2410 πέρυσιν·
562 2323 669 2387 κεῖσθαι
684 2320 711 2386 δέ
728 2323 780 2386 οῖον
797 2321 953 2403 άνάκειται,
969 2320 1096 2402 κάθηται·
1123 2323 1201 2410 ίχειν
1215 2322 1243 2389 δέ

198 2433 250 2498 οίον
266 2429 430 2512 ὑποδέδεται,
445 2430 596 2497 ὥπλισται·
623 2435 706 2497 ποιεῖν
726 2429 753 2496 δέ
774 2431 826 2496 οἷον
842 2430 944 2516 τέμνει,
961 2433 1044 2497 καίει·
1069 2432 1195 2522 πάσχειν
1214 2433 1242 2499 δέ

198 2543 250 2608 οίον
274 2541 415 2626 τέμνεται,
442 2541 562 2608 καίεται.
613 2546 718 2628 Topie.
746 2544 767 2606 i.
795 2550 823 2607 9.
861 2545 949 2606 Μετὰ
973 2543 1061 2608 τοίνυν
1086 2551 1179 2609 ταῦτα
1205 2549 1243 2610 δεῖ

198 2652 369 2741 διορίσασθαι
385 2656 423 2717 τοί
439 2651 504 2740 γένη
523 2659 577 2716 τῶν
595 2657 779 2739 κατηγοριῶν,
796 2655 823 2714 έν
838 2651 875 2726 οῖς
890 2651 1064 2740 ὑπάρχουσιν
1079 2661 1108 2718 ai
1123 2657 1241 2742 ρηθεῖσαι

196 2760 336 2850 τέτταρες.
376 2759 466 2825 Ἐστι
484 2760 511 2825 δέ
525 2767 618 2824 ταῦτα
633 2762 679 2823 τὸν
696 2759 808 2847 ἀριθμὸν
826 2758 903 2841 δέκα,
917 2761 948 2825 τί
962 2764 1033 2841 ἐστι,
1048 2761 1143 2842 ποσίν,
1157 2763 1242 2845 ποιιίν,

196 2869 263 2958 πρίς
282 2896 322 2948 τι,
339 2877 400 2949 ποῶ,
416 2868 492 2951 ποτέ,
514 2869 630 2945 κεῖσθαι,
651 2866 739 2953 έχειν,
758 2871 851 2949 ποιεῖν,
871 2869 1007 2955 πάσχειν.
1050 2874 1110 2936 ‘Aa
1130 2877 1190 2962 γὰρ
1208 2876 1241 2939 τί

198 2979 377 3062 συμβεβηκίς
392 2978 441 3042 καί
455 2977 486 3042 τί
503 2976 580 3065 γένος
601 2978 649 3041 καί
669 2977 700 3040 τί
721 2976 785 3041 ίδιον
806 2978 854 3041 καί
870 2981 883 3040 ί
899 2979 1012 3065 ὁρισμίς
1031 2981 1057 3044 έν
1071 2987 1125 3065 μιρῖ
1138 2981 1241 3048 τούτοιν

197 3095 251 3153 τῶν
271 3094 445 3176 κατηγοριῶν
459 3085 555 3151 έσται·
581 3092 672 3151 πῶσαι
692 3089 752 3174 γάρ
772 3093 801 3151 αί
821 3090 865 3151 ara
884 3087 988 3153 τούτοιν
1007 3089 1156 3175 προτάσεις
1175 3090 1191 3169 ἢ
1211 3091 1242 3156 τί

198 3200 274 3261 έστιν
288 3196 303 3275 ἢ
317 3198 391 3262 ποιῶν
411 3196 426 3275 ἢ
443 3196 528 3260 ποσίν
547 3196 562 3275 ἢ
583 3202 637 3259 τῶν
657 3194 754 3260 ἄλλων
773 3200 836 3261 τινὰ
856 3205 1030 3286 κατηγοριῶν
1049 3199 1240 3283 σημαίνουσιν.

197 3310 342 3392 Metaplr.
363 3311 405 3373 iv.
423 3316 451 3373 7.
486 3307 557 3371 Καθ’
572 3310 646 3370 αὐτοὶ
665 3303 693 3369 δέ
711 3306 778 3370 είναι
798 3305 914 3393 λέγεται
936 3304 1041 3394 ὅσαπερ
1055 3308 1181 3392 σημαίνει
1201 3316 1240 3375 τοί

198 3416 341 3503 σχήματα
358 3421 407 3494 τῖης
427 3416 608 3503 κατηγορίας·
637 3418 753 3501 ίσαχῶς
770 3418 830 3503 γάρ
852 3413 979 3502 λέγεται,
1000 3427 1190 3505 τοσαυταχῶς
1206 3423 1239 3486 τί

197 3526 263 3591 είναι
286 3525 422 3609 σημαίνει.
476 3527 556 3590 Ἐπεί
580 3523 624 3588 οὖν
649 3531 703 3589 τῶν
729 3523 975 3614 κατηγορουμένων
996 3530 1034 3591 τοί
1055 3525 1106 3611 μέν
1127 3529 1158 3593 τί
1178 3533 1238 3594 έστι

196 3635 335 3720 σημαίνει,
350 3640 389 3699 τά
411 3635 438 3701 a?
454 3634 540 3717 ποιίν,
559 3639 598 3699 τοὶ
618 3633 645 3700 δέ
664 3634 759 3716 ποσίν,
776 3640 813 3700 τοὶ
832 3634 861 3700 δέ
878 3634 945 3724 τρίς
964 3663 1004 3715 τι,
1019 3641 1058 3702 τοὶ
1078 3637 1105 3702 δέ
1123 3645 1206 3705 ποιεῖν
1223 3641 1239 3720 ἢ

195 3744 330 3832 πάσχειν,
350 3750 388 3809 τοὶ
410 3746 438 3811 δέ
458 3753 520 3826 ποῶ,
541 3750 579 3810 τοὶ
603 3742 630 3810 δέ
654 3744 730 3824 πίτε,
752 3743 865 3830 ἑκάστῳ
886 3745 1040 3811 τούτωντί
1063 3748 1129 3812 είναι
1152 3752 1239 3815 ταὺτὸ

197 3855 333 3938 σημαίνει.

240 3967 337 4031 From
362 3967 455 4032 these
477 3988 637 4051 passages
661 3966 688 4029 it
713 3987 854 4050 appears
876 3966 947 4030 that
968 3967 1023 4030 tha
1048 3967 1238 4052 Oategories

196 4095 280 4138 were
305 4075 465 4155 regarded
493 4077 534 4159 by
557 4075 724 4153 Aristone,
758 4079 784 4137 l.
812 4075 858 4137 As
885 4096 926 4138 an
954 4078 1179 4143 enumeration
1204 4082 1242 4146 of

196 4184 251 4246 tho
275 4182 427 4245 different
448 4183 687 4265 signifieations
710 4182 747 4246 of
766 4182 883 4266 simple
906 4194 1016 4263 terma,
1039 4198 1133 4269 apart
1155 4189 1236 4254 from

197 4291 281 4355 their
303 4291 490 4357 connexion
514 4290 547 4354 in
571 4293 626 4356 the
648 4291 864 4377 proposition.
914 4298 943 4356 2.
970 4295 1016 4356 As
1039 4315 1081 4358 an
1105 4317 1237 4362 enume-
